2732 4722
632 279 816 339 CORNELII
829 277 992 338 Naroma

611 519 693 584 ΧΠ.
731 505 1012 586 CHABRIAS.

265 701 280 749 1
348 676 377 740 L
405 671 561 740 Chabrias
579 669 794 738 Atheniensis.
820 671 872 736 hie
893 694 1019 756 quoque
1036 671 1070 736 in
1087 671 1219 736 summis
1235 671 1324 740 habi-

298 783 349 838 tus
369 778 417 836 est
434 767 567 834 ducibus
580 788 694 847 resque
711 765 825 831 multas
839 767 990 832 memoria
1007 767 1119 852 dignas
1136 767 1244 853 gessit
1269 768 1325 834 sed

298 889 339 931 ex
356 863 406 928 his
420 861 522 928 elucet
534 859 669 924 maxime
682 858 844 924 inventum
862 859 929 924 eius
947 860 981 924 in
992 859 1121 944 proelio,
1139 859 1224 944 quod
1240 861 1326 945 apud

264 957 428 1028 a'l'hebas
445 954 534 1032 feeit,
558 975 630 1018 eum
647 952 776 1017 Boeotis
799 951 940 1018 subsidio
962 953 1109 1018 venisset.
1136 974 1273 1036 namque
1294 955 1325 1018 in

298 1075 336 1118 eo
354 1050 484 1116 victoria
500 1047 649 1112 fidentem
672 1069 831 1112 summum
853 1046 966 1112 ducem
983 1044 1184 1132 Agesilaum,
1206 1046 1324 1132 fugatis

297 1147 362 1210 iam
379 1143 419 1209 ab
438 1165 475 1207 eo
494 1141 695 1206 conducticiis
714 1140 857 1219 catervis,
876 1141 1029 1224 reliquam
1046 1139 1236 1226 phalangem
1253 1141 1325 1206 loco

297 1237 398 1302 vetuit
420 1235 531 1300 cedere
550 1233 728 1317 obnixoque
745 1251 831 1318 genu
848 1241 946 1311 scuto,
964 1234 1102 1319 proiecta
1119 1233 1210 1298 hasta
1227 1234 1326 1320 impe-

298 1342 366 1395 tum
389 1329 532 1415 excipere
553 1329 692 1420 hostiurn
714 1328 828 1394 docuit.
863 1328 897 1394 id
918 1351 1035 1394 novum
1056 1328 1228 1414 Agesilaus
1251 1351 1325 1393 con-

298 1434 391 1490 tuens
416 1423 565 1510 progredi
590 1446 655 1488 non
680 1432 729 1487 est
758 1445 854 1488 ausus
881 1444 1018 1504 suosque
1043 1422 1107 1488 iam
1131 1423 1325 1488 incurrentes

266 1537 282 1585 a
300 1517 378 1584 tuba
393 1518 562 1583 revocavit.
589 1516 651 1580 hoc
668 1537 769 1596 usque
787 1538 825 1581 eo
846 1524 911 1581 tota
929 1513 1064 1582 Graecia
1085 1515 1171 1580 sarna
1188 1515 1326 1580 celebra-

299 1623 368 1677 tum
386 1621 447 1690 est,
466 1609 572 1675 utillo
591 1617 673 1672 stetu
693 1607 847 1673 Chabrias
867 1608 927 1674 sibi
945 1619 1080 1675 statuam
1097 1609 1166 1674 fieri
1183 1609 1326 1686 voluerit,

300 1727 383 1790 quae
403 1705 528 1789 publice
551 1701 579 1764 ei
601 1699 641 1764 ab
663 1698 911 1767 Atheniensibus
929 1703 963 1768 in
984 1704 1052 1770 foro
1075 1703 1245 1770 constituta
1269 1712 1327 1768 est.

300 1821 341 1863 ex
363 1820 426 1882 quo
448 1797 567 1860 factum
590 1800 652 1866 est,
675 1801 710 1854 ut
731 1801 842 1875 postea
864 1793 998 1860 athletae
1017 1797 1174 1879 ceterique
1191 1796 1329 1862 artifices

299 1892 350 1956 his
369 1889 500 1953 statibus
522 1887 555 1947 in
573 1883 683 1948 statuis
695 1884 853 1966 ponendis
872 1893 1044 1963 uterentur,
1069 1909 1143 1952 cum
1164 1889 1331 1954 victoriam

182 1997 185 2006 '
300 1988 406 2046 essent
424 1977 539 2059 adepti.

267 2097 281 2144 1
350 2069 395 2133 Π.
424 2068 579 2134 Chabrias
597 2077 702 2132 autem
719 2068 817 2134 multa
834 2069 867 2133 in
880 2069 1010 2156 Europa
1027 2069 1109 2136 bella
1127 2071 1334 2142 administra·

298 2165 353 2242 vit,
372 2183 445 2228 eum
463 2163 528 2228 dux
545 2161 787 2228 Atheniensium
804 2171 900 2241 esset,
919 2165 952 2228 iu
968 2163 1118 2250 Aegypto
1136 2187 1193 2230 sua
1211 2176 1334 2249 sponte

299 2259 407 2345 gessit.
435 2281 509 2322 narn
521 2256 713 2322 Nectenebin
727 2257 867 2322 adiutum
880 2258 1038 2343 profectus
1055 2279 1187 2343 regnum
1204 2259 1234 2322 ei
1252 2280 1335 2324 con-

266 2353 409 2418 nstituit.
441 2352 516 2416 feeit
537 2352 622 2416 idern
645 2350 757 2435 Cypri,
786 2352 842 2416 sed
867 2351 991 2436 publice
1014 2350 1054 2416 ab
1076 2349 1330 2438 Atheniensibus

298 2445 467 2528 Evagorae
485 2443 608 2506 adiutor
625 2444 726 2518 datus,
745 2465 846 2526 neque
863 2445 950 2527 prius
968 2444 1040 2508 inde
1058 2443 1212 2520 discessit,
1231 2465 1330 2526 quam

299 2545 398 2600 totam
423 2535 559 2600 insulam
585 2534 668 2599 bello
693 2535 885 2612 devinceret;
912 2558 975 2618 qua
996 2558 1036 2600 ex
1056 2559 1091 2602 re
1112 2535 1327 2602 Athenienses

267 2649 282 2697 a
300 2650 448 2717 magnam
465 2628 598 2715 gloriam
616 2637 689 2692 sunt
706 2629 819 2714 adepti.
846 2629 970 2692 interim
987 2629 1106 2694 bellum
1123 2631 1204 2696 inter
1214 2629 1328 2716 Aegy-

298 2726 381 2810 ptios
396 2734 428 2788 et
439 2722 555 2788 Persas
570 2722 738 2787 condatum
751 2731 807 2787 est.
834 2720 1045 2788 Athenienses
1062 2746 1134 2790 curn
1146 2723 1327 2790 Artaxerxe

301 2820 482 2884 societatem
495 2817 662 2894 habebant,
680 2817 925 2882 Lacedaemonii
938 2840 1010 2882 oum
1023 2816 1202 2904 Aegyptiis,
1221 2841 1241 2884 a
1259 2817 1326 2901 qui·

299 2911 360 2977 bus
382 2933 514 2996 magnas
536 2911 669 2994 praedas
691 2910 877 2996 Agesilaus,
899 2933 956 2976 rex
978 2934 1098 2990 eorum,
1121 2910 1269 2978 faciebat.
1294 2910 1324 2974 id

299 3006 424 3070 intuens
444 3004 612 3082 Chabrias,
636 3025 709 3068 eum
726 3006 758 3068 in
775 3027 809 3070 re
831 3005 917 3070 nulla
933 3004 1086 3091 Agesilao
1108 3006 1244 3082 cederet,
1271 3027 1326 3070 sua

299 3108 412 3186 sponte
438 3119 493 3164 eos
515 3099 656 3164 adiutum
677 3097 837 3183 profectus
859 3097 1038 3186 Aegyptiae
1061 3099 1154 3165 chesi
1179 3098 1324 3184 praefuit,

299 3192 498 3278 pedestribus
516 3192 614 3276 copiis
632 3191 814 3278 Agesilaus.

267 3306 281 3352 1
351 3286 413 3350 HI.
442 3286 526 3349 Turn
539 3285 690 3368 praefecti
703 3287 787 3372 regis
800 3285 918 3350 Persae
931 3286 1052 3370 legatos
1066 3287 1218 3352 miserunt
1226 3283 1324 3350 Athe·

299 3401 357 3444 nas
376 3386 532 3461 questum,
551 3381 635 3461 quod
654 3378 808 3444 Chabrias
826 3379 993 3442 adversum
1010 3401 1118 3464 regem
1136 3379 1255 3444 bellum
1272 3397 1327 3462 ge-

299 3479 382 3534 reret
402 3493 474 3534 curn
492 3469 671 3559 Aegyptiis.
698 3470 909 3536 Athenienses
932 3470 1016 3534 diem
1033 3481 1150 3538 certam
1168 3471 1326 3538 Chabriae

298 3564 549 3648 praestitueumt,
569 3587 663 3648 quam
681 3572 752 3628 ante
771 3564 899 3628 domum
917 3564 979 3628 nisi
995 3565 1138 3642 redisset,
1159 3565 1274 3651 capitis
1293 3585 1326 3628 se

299 3658 388 3723 illum
410 3659 612 3724 damnaturos
634 3656 864 3720 denuntiarunt.
894 3657 955 3721 hoo
976 3658 1029 3722 ille
1050 3659 1159 3724 nuntio
1179 3656 1326 3724 Athenas

297 3751 402 3830 rediit,
426 3771 528 3833 neque
549 3747 593 3813 ibi
614 3748 732 3812 diutius
750 3758 798 3814 est
815 3760 968 3828 moratus,
991 3773 1085 3834 quam
1106 3751 1167 3816 fuit
1183 3772 1324 3818 necesse.

265 3864 362 3912 anon
379 3845 462 3908 enim
479 3841 611 3906 libenter
629 3851 695 3905 erat
716 3851 788 3906 ante
806 3843 912 3910 oeulos
935 3866 1064 3908 suorum
1085 3845 1215 3922 civium,
1239 3841 1326 3926 quod

298 3948 330 4002 et
355 3933 482 4000 vivebat
506 3934 591 4000 laute
613 3944 645 4000 et
669 3934 852 4022 indulgebat
880 3936 940 4002 sibi
961 3936 1135 4015 liberalius,
1165 3959 1265 4020 quam
1290 3943 1326 4000 ut

263 4028 449 4102 ainvidiam
470 4029 558 4115 vulgi
579 4039 688 4116 posset
709 4029 858 4119 effugere.
886 4039 935 4100 est
962 4032 1046 4099 enim
1071 4030 1131 4098 hoc
1157 4049 1324 4100 commune
