2758 4726
292 267 333 333 74
569 276 580 292 ‘
624 269 808 328 CORNELII
823 267 985 328 NEPOTIS

290 399 347 467 est,
354 409 448 473 quem
457 387 634 472 illcapatre
645 381 1026 469 expulsumAlexandraa,
1039 383 1211 446 alienarum
1220 405 1311 467 opum

289 485 492 568 indigentem,
511 487 679 563 receperat.
700 478 770 561 ipse
787 485 892 540 autem
900 476 1113 553 Ptolemaeus,
1131 497 1207 540 cum
1223 477 1311 538 virus
1341 473 1342 536 l

289 577 496 661 filiorcgnum
510 572 698 648 tradidisset,
716 569 757 634 ab
772 570 826 634 illo
835 571 946 634 eodem
960 570 1024 633 vita
1036 571 1177 654 privatus
1193 569 1311 634 dicitur.

255 693 273 739 a
341 669 395 734 De
420 667 535 751 quibus
562 663 711 748 quoniam
738 663 814 727 satis
846 663 964 727 dictum
990 671 1152 747 putamus,
1179 685 1246 726 uon
1271 664 1312 726 in·
1341 649 1342 726 l

290 761 493 828 commodum·
515 759 638 823 videtur
658 778 722 822 non
743 756 910 840 praeterire
931 755 1146 820 Hamilcarem
1172 765 1206 820 et
1227 755 1313 821 Hau·
1341 729 1342 820 l

290 855 435 932 nibalem,
454 873 533 937 quos
552 861 583 915 et
605 849 701 914 animi
723 850 939 935 magnitudine
962 858 994 914 et
1016 850 1184 915 calliditate
1206 871 1313 916 omnes
1341 821 1342 880 l

291 949 323 1014 in
340 947 453 1014 Africa
469 955 559 1011 natos
578 943 772 1030 praestitisse
790 952 880 1008 const
900 954 922 1007 t.

576 1163 695 1230 XXII.
732 1162 1028 1230 HAMILCAR.

258 1343 271 1390 1
341 1318 368 1382 l.
396 1317 569 1395 Hamilcar,
588 1317 779 1382 Hannibalis
797 1317 890 1394 filius,
909 1317 1096 1404 cognomine
1109 1317 1222 1396 Barca,
1236 1317 1319 1383 Car-

290 1411 511 1498 thaginiensis,
534 1411 635 1496 primo
652 1411 791 1477 Poenico
809 1409 906 1488 bello,
925 1412 984 1475 sed
1000 1411 1194 1496 temporibus
1218 1421 1319 1477 extre-

289 1507 365 1583 mis,
389 1505 559 1571 admodum
580 1504 833 1569 adolescentulus
854 1505 888 1567 in
911 1502 1021 1572 Sicilia
1041 1526 1189 1590 praeesse
1218 1506 1318 1590 coepit

256 1619 272 1666 2
291 1597 449 1663 exercitui.
481 1619 553 1662 cum
575 1607 648 1660 ante
666 1595 733 1660 eius
751 1597 922 1660 adventum
940 1608 972 1662 et
992 1598 1072 1663 mari
1089 1607 1120 1663 ct
1137 1608 1222 1664 terra
1239 1599 1318 1664 male

289 1713 340 1758 res
362 1701 545 1780 gererentur
567 1687 891 1774 Carthaginiensium,
912 1692 997 1776 ipse,
1020 1693 1077 1758 ubi
1098 1693 1205 1772 affuit,
1229 1717 1320 1759 num-

290 1807 386 1870 quam
409 1785 492 1850 hosti
510 1782 605 1846 cessit
620 1802 724 1862 neque
746 1782 852 1845 locum
869 1785 1005 1846 nocendi
1022 1787 1109 1850 dedit
1126 1809 1292 1872 saepeque
1308 1807 1322 1848 e

290 1877 443 1942 contrario
469 1873 633 1937 occasione
664 1873 737 1935 data
766 1871 926 1936 lacessivit
957 1895 1144 1958 semperque
1176 1880 1324 1961 superior

289 1965 442 2030 discessit.
478 1983 541 2045 quo
567 1962 651 2026 facto
677 1984 749 2026 cum
774 1983 874 2047 paene
900 1964 1006 2028 omnia
1032 1965 1065 2028 in
1084 1963 1194 2030 Sicilia
1215 1969 1326 2034 Poeni

288 2060 480 2136 amisissent,
506 2057 559 2123 ille
580 2057 719 2144 Erycem
742 2059 787 2124 sio
808 2058 962 2138 defendit,
990 2068 1025 2124 ut
1046 2059 1168 2126 bellum'
1187 2083 1225 2124 eo
1249 2062 1325 2128 loco

173 2183 175 2192 =
253 2171 270 2216 a
288 2161 414 2238 gestum
425 2175 491 2218 non
503 2153 675 2218 videretur,
689 2153 814 2218 interim
824 2151 1102 2238 Carthaginienses
1117 2153 1219 2217 classe
1234 2157 1323 2239 apud

287 2247 407 2312 insulas
425 2245 566 2333 Aegates
585 2271 605 2311 a
623 2245 661 2312 C.
675 2247 816 2324 Lutatio,
836 2246 964 2310 consule
981 2246 1205 2322 Romanorum,
1226 2269 1321 2332 supe-

288 2339 348 2404 rati
375 2349 549 2404 statuerunt
579 2339 655 2404 belli
680 2339 784 2404 facere
814 2339 910 2402 finem
941 2359 1073 2422 eamque
1098 2359 1166 2402 rem
1192 2339 1318 2404 arbitrio

252 2431 499 2518 «spermiserun't
515 2431 716 2496 Hamilcaris.
748 2431 801 2494 ille
820 2432 879 2495 etsi
901 2431 1055 2516 flagrabat
1075 2431 1215 2514 bellandi
1232 2434 1317 2517 cupi-

289 2527 400 2604 ditate,
423 2534 529 2590 tamen
545 2525 617 2608 paci
635 2523 838 2587 serviundum
854 2525 985 2608 putavit,
1009 2525 1095 2606 quod
1111 2525 1249 2609 patriam
1267 2547 1316 2590 ex-

290 2619 437 2684 haustam
451 2617 628 2704 sumptibus
638 2616 755 2680 diutius
765 2616 958 2681 calamitates
967 2617 1043 2682 belli
1054 2619 1138 2684 ferre
1146 2642 1211 2684 non
1223 2641 1315 2704 posse

290 2711 498 2798 intelligebat,
523 2711 579 2788 sed
600 2711 644 2774 ita
669 2718 709 2773 ut'
728 2711 834 2774 statim
851 2719 954 2774 mente
972 2711 1126 2796 agitaret,
1142 2712 1171 2775 si
1187 2712 1314 2796 paulum

290 2806 385 2868 modo
406 2815 459 2868 res
480 2812 586 2868 essent
607 2802 757 2879 refectae,
785 2802 904 2868 bellum
924 2825 1075 2868 renovare
1092 2805 1313 2888 Romanosque

291 2896 386 2960 armis
412 2896 573 2981 persequi,
601 2895 748 2960 donicum
773 2904 828 2959 aut
851 2897 966 2963 virtute
987 2897 1137 2962 vicissent
1163 2907 1219 2962 aut
1244 2897 1314 2962 victi
1341 2911 1342 2942 l

256 3011 402 3057 amanus
426 2989 594 3054 dedissent.
627 2989 688 3054 hoo
706 2987 835 3054 consilio
858 2991 1176 3074 pacemconciliarit3
1198 2993 1233 3056 in
1256 3013 1312 3076 quo

291 3091 378 3148 tanta
399 3083 459 3147 fuit
476 3083 606 3160 ferocia,
631 3104 704 3148 cum
722 3081 855 3148 Catulus
873 3093 1004 3170 negaret
1025 3085 1144 3150 bellum
1161 3086 1313 3170 composi·
1341 3075 1342 3126 l

290 3187 409 3254 turum,
436 3178 498 3241 nisi
519 3177 572 3240 ille
590 3197 662 3240 cum
685 3177 764 3255 suis,
788 3178 843 3261 qui
859 3177 997 3263 Erycem
1015 3187 1193 3257 tenuerunt,
1219 3179 1311 3244 armis
1341 3147 1342 3210 l

198 3277 202 3292 “
289 3269 405 3335 relictis
426 3268 534 3334 Sicilia
551 3270 746 3348 decederent,
764 3281 800 3334 ut
818 3270 1042 3336 succumbente
1058 3273 1160 3358 patria
1175 3273 1239 3358 ipse
1256 3291 1312 3355 pe-
1341 3255 1342 3348 l

196 3379 198 3385 ⁴
290 3364 424 3426 riturum
442 3383 477 3425 se
494 3361 599 3446 potius
614 3363 735 3441 dixerit,
755 3385 849 3446 quam
863 3384 936 3426 cum
953 3371 1040 3430 tanto
1054 3365 1173 3452 flagitio
1186 3365 1310 3429 domum
1341 3371 1342 3454 ᾗ

257 3476 273 3521 o
290 3455 413 3518 rediret.
441 3475 505 3519 non
519 3457 602 3520 enim
616 3479 692 3522 suae
707 3477 777 3520 esse
791 3455 922 3533 virtutis,
942 3479 1029 3524 arma
1042 3485 1062 3526 a
1073 3462 1174 3546 patria
1187 3467 1310 3545 accepta
1341 3483 1342 3540 ζ

241 3591 244 3596 -
291 3547 441 3612 adversus
459 3548 565 3616 hostes
584 3547 771 3615 adversariis
786 3548 916 3615 tradere.
939 3550 1032 3619 huius
1045 3555 1234 3640 pertinaciae
1248 3575 1309 3620 ces-
1341 3599 1342 3652 ,

291 3640 331 3705 sit
351 3637 526 3727 [Catulus].

257 3755 271 3802 1
341 3735 386 3800 ΙΙ.
413 3736 460 3802 At
477 3736 539 3810 ille,
556 3744 593 3798 ut
611 3733 835 3821 Carthaginem
852 3741 947 3820 venit,
966 3743 1063 3812 multo
1081 3744 1172 3810 aliter
1189 3741 1227 3810 ac
1245 3765 1309 3830 spe-

288 3838 372 3893 rarat
393 3850 460 3890 rem
481 3826 641 3911 publicam
664 3850 698 3893 se
720 3829 887 3898 habentem
909 3839 1064 3922 cognovit.
1090 3861 1229 3924 namque
1246 3839 1309 3903 diu-

289 3922 436 3984 turnitate
459 3920 580 3986 externi
600 3920 675 3985 mali
697 3931 818 3990 tantum
840 3929 956 3993 exarsit
976 3930 1158 3998 intestinum
1185 3933 1306 4006 bellum,

288 4019 323 4075 ut
337 4033 509 4095 numquam
521 4012 590 4096 pari
607 4015 745 4100 periculo
758 4019 853 4086 fuerit
863 4019 1031 4110 Carthago,
1049 4027 1111 4091 nisi
1125 4049 1198 4092 cum
1211 4027 1308 4091 deleta
