2732 4722
457 285 693 344 TIMOTHEUS.
1045 277 1082 342 4l

60 416 147 473 crate
161 399 409 472 deserua'esset.
427 401 563 490 populus
577 421 658 478 acer,
674 401 822 487 suspicax
830 403 870 468 ob
880 425 1011 488 eamque
1021 426 1087 469 rem
1105 425 1121 473 5

59 494 657 579 mobilis,adversarius,invidus(etiam
665 495 823 591 potentiae
832 496 865 558 in
874 499 1088 564 crimenvoca-

60 595 189 678 bantur)
203 592 480 669 domumrevocat3
499 598 686 654 accusantur
694 589 889 674 proditionis.
907 591 1089 657 hociudicio

61 687 428 763 damnaturTimotheus,
438 686 540 768 lisque
550 685 617 748 eius
627 685 812 750 aestimatur
820 693 946 749 centnm
954 685 1088 750 talentis.

60 782 114 846 ille
131 781 205 846 odio
221 781 363 866 ingratae
381 780 516 845 civitatis
536 787 663 844 coactus
674 777 860 844 Chalcidem
879 801 913 844 se
932 777 1071 843 contulit.
1124 775 1126 780 ’

112 873 172 939 IV.
199 873 306 938 Huius
323 883 397 959 post
414 883 547 938 mortem
564 893 637 937 cum
653 871 805 957 populum
823 871 931 936 iudicii
949 873 998 936 sui
1014 895 1090 958 poe·
1109 891 1122 936 1

61 970 188 1045 niteret,
215 967 332 1032 multae
357 989 472 1034 novem
497 975 602 1052 partes
625 965 759 1030 detraxit
785 974 817 1030 et
838 965 948 1030 decem
974 967 1091 1030 talenta

64 1062 237 1139 Cononem,
256 1061 356 1126 filium
374 1062 455 1138 eius,
479 1061 520 1124 ad
537 1059 619 1123 muri
636 1059 793 1142 quandam
810 1068 932 1145 partem
949 1059 1091 1124 reficien-

64 1157 140 1219 dam
156 1155 247 1220 iussit
260 1156 344 1220 dare.
372 1156 405 1219 in
419 1175 482 1238 quo
495 1153 639 1218 fortunae
652 1153 786 1218 varietas
801 1164 849 1218 est
862 1155 1089 1220 animadversa.

63 1271 138 1313 nam
156 1271 235 1332 quos
257 1273 335 1314 avus
356 1249 469 1315 Conon
490 1269 596 1311 muros
619 1269 658 1310 ex
675 1247 813 1310 hostium
834 1249 950 1332 praeda
969 1249 1090 1334 patriae

62 1343 251 1421 restituerat,
271 1343 399 1408 eosdem
416 1364 516 1426 nepos
535 1361 607 1404 cum
625 1363 749 1404 summa
766 1340 938 1432 ignominia
954 1342 1091 1406 familiae

63 1459 104 1500 ex
126 1459 185 1501 sua
205 1459 240 1500 re
257 1435 404 1500 familiari
425 1435 553 1500 reficere
571 1441 698 1498 coactus
716 1442 773 1497 est.
806 1433 965 1496 Timothei
987 1442 1126 1498 autema

62 1531 244 1595 moderatae
262 1530 474 1615 sapientisque
493 1529 576 1593 vitae
594 1549 666 1596 cum
682 1527 831 1612 pleraque
848 1528 1007 1612 possimus
1020 1549 1092 1612 pro-

61 1624 149 1688 ferre
165 1623 357 1701 testimonia,
384 1645 449 1687 uno
467 1623 583 1687 erimus
600 1621 750 1698 contenti,
779 1621 864 1704 quod
882 1643 921 1685 ex
940 1643 977 1686 eo
999 1621 1091 1686 facile

17 1769 19 1788 .
64 1715 180 1780 coniici
195 1717 317 1800 poterit,
336 1737 432 1799 quam
450 1737 539 1780 carus
558 1715 623 1780 suis
641 1714 744 1780 fuerit.
772 1736 844 1779 cum
861 1713 997 1778 Athenis
1016 1715 1091 1779 ado-

17 1821 19 1868 J
63 1809 260 1874 lescentulus
283 1831 428 1874 caussam
450 1810 579 1887 diceret,
601 1831 665 1873 non
683 1809 786 1874 solum
804 1809 897 1873 amici
913 1809 1091 1894 privatique
1202 1890 1204 1896 Ι

17 1967 19 1974 1
62 1903 206 1988 hospites
225 1904 355 1968 adeum
373 1904 606 1969 defendendum
623 1913 848 1981 convenerunt,
873 1905 929 1968 sed
947 1905 1041 1968 etiam
1058 1905 1092 1967 iu

64 1997 110 2060 eis
127 1995 233 2074 Iason,
253 2005 404 2082 tyranrms
423 1998 622 2074 Thessaliae,
646 1999 701 2081 qui
717 1998 771 2062 illo
790 2007 929 2084 tempore
947 1997 1008 2062 fuit
1025 2021 1092 2062 om-

17 2125 24 2160 r
63 2091 151 2156 nium
169 2092 415 2176 potentissimus.
443 2093 494 2156 hic
512 2115 586 2156 cum
602 2093 636 2154 in
653 2091 754 2176 patria
772 2093 839 2156 sine
858 2093 1042 2157 satellitibus
1057 2115 1090 2156 se
1109 2103 1125 2148 3

17 2232 27 2252 ,-
63 2194 168 2250 tutum
185 2208 251 2250 non
268 2185 479 2261 arbitraretur,
497 2183 642 2248 Athenas
666 2185 733 2248 sine
750 2185 815 2247 ullo
832 2185 989 2268 praesidio
1006 2187 1092 2248 venit
1173 2253 1177 2260 ,

17 2312 21 2348 1
64 2279 208 2360 tantique
215 2277 374 2361 hospitem
383 2277 467 2353 fecit,
482 2287 517 2340 ut
530 2277 638 2340 mallet
648 2299 682 2340 se
696 2277 807 2360 capitis
821 2276 994 2361 periculum
1008 2277 1093 2340 adire

18 2403 21 2424 ι
62 2393 163 2455 quam
176 2369 345 2434 Timotheo
362 2370 402 2434 de
420 2369 505 2434 fama
518 2370 679 2434 dimicanti
692 2371 812 2434 deesse.
840 2371 923 2434 hunc
942 2371 1093 2436 adversus
1110 2379 1112 2386 '

17 2513 19 2520 ,
63 2476 174 2526 tamen
192 2462 377 2527 Timotheus
398 2472 509 2548 postea
529 2465 638 2549 populi
655 2465 745 2528 iussu
762 2463 879 2528 bellum
901 2465 1014 2550 gessit,
1037 2487 1094 2551 pa

61 2555 143 2623 triae
167 2555 323 2621 sanctiora
343 2557 413 2620 iura
434 2577 529 2640 quam
555 2557 683 2642 hospitii
709 2579 780 2623 esse
802 2557 901 2623 duxit.
936 2560 1016 2624 haec
1038 2571 1128 2624 ex-4

62 2659 165 2714 trema
186 2648 248 2713 suit
274 2659 361 2714 aetas
386 2651 609 2734 imperatorum
630 2649 888 2729 Atheniensium,
914 2653 1092 2736 Iphicratis,

66 2742 235 2820 Chabriae,
255 2743 423 2820 Timothei,
442 2755 543 2828 neque
561 2755 634 2830 post
651 2745 775 2810 illorum
788 2745 909 2810 obitum
926 2744 1095 2829 quisquam

65 2837 133 2901 dux
149 2837 182 2901 in
198 2837 254 2901 illa
270 2837 349 2902 urbe
366 2838 427 2901 fuit
444 2839 559 2924 dignus
577 2839 737 2903 memoria.

118 2929 160 2994 V.
187 2929 290 2995 Venio
308 2953 392 2995 nunc
410 2932 451 2995 ad
467 2931 673 2996 fortissimum
690 2933 793 2996 virum
810 2933 1001 3016 maximique
1019 2953 1094 2998 con·
1112 2944 1127 2990 1
1198 2949 1201 2960 ’

69 3021 133 3086 silii
154 3024 517 3089 omnium-barbarorum
544 3027 683 3110 exceptis
706 3026 829 3090 duobus
854 3026 1094 3111 Carthaginien-

70 3113 171 3190 sibus,
189 3113 367 3182 Hamilcare
381 3117 611 3184 etHannibale.
639 3119 678 3180 de
691 3139 754 3199 quo
767 3118 828 3181 hoc
840 3118 931 3200 plura
944 3117 1092 3192 feremus,
1113 3127 1129 3174 2
1212 3180 1216 3195 ¹

66 3207 155 3291 quod
174 3217 205 3271 et
227 3209 406 3276 obscuriora
424 3221 498 3276 sunt
515 3213 583 3276 eius
601 3219 693 3297 gesta
709 3209 873 3293 pleraque,
896 3217 928 3271 et
945 3229 992 3284 ea,
1012 3229 1094 3290 quae

66 3323 218 3385 prospere
241 3304 270 3368 ei
296 3315 471 3384 cesserunt,
498 3328 562 3372 non
587 3303 804 3392 magnitudine
831 3301 1007 3388 copiarum,
1038 3303 1095 3366 scd

70 3395 203 3472 consilii,
226 3418 291 3480 quo
314 3408 382 3463 tum
405 3422 513 3472 omnes
537 3399 718 3485 superabat,
742 3398 936 3475 acciderunt,
959 3419 1094 3482 quorum

68 3487 131 3552 nisi
143 3491 221 3554 ratio
236 3491 391 3578 explicata
407 3493 510 3572 fuerit,
530 3516 581 3560 res
599 3515 751 3579 apparere
769 3515 833 3558 non
849 3501 1007 3578 poterunt.

382 3717 478 3784 XIV.
514 3715 782 3783 DATAMES.

119 3865 148 3929 I.
175 3867 340 3948 Datames,
359 3879 447 3957 patre
463 3869 634 3946 Camisare,
653 3869 779 3934 natione
791 3867 882 3942 Care,
901 3873 1000 3929 matre
1016 3861 1096 3948 Scy·
1115 3890 1128 3936 1

69 3956 170 4024 thissa
185 3971 293 4042 natus,
316 3965 452 4049 primum
469 3964 603 4028 militum
623 3961 683 4048 [in]
702 3965 833 4024 numero
855 3959 915 4022 fuit
932 3958 1017 4043 apud
1033 3957 1097 4023 Ar-

67 4059 221 4120 taxerxen
238 4077 361 4136 eorum,
384 4059 440 4143 qui
456 4057 576 4144 regiam
593 4055 769 4122 tuebantur.
796 4063 885 4141 pater
902 4054 970 4119 eius
990 4053 1098 4154 Cami-
