2758 4726
470 267 662 326 EUMENES.
1038 256 1080 321 63
1127 295 1132 303 ·

52 387 221 454 succubuit
230 404 331 469 neque
345 406 383 450 eo
397 383 499 450 secius
512 382 631 450 bellum
644 379 878 446 administravit.
906 383 962 448 sed
979 383 1077 448 exiles

50 505 103 550 res
118 482 216 546 animi
228 479 476 566 magnitudinem
485 477 545 542 etsi
556 498 622 540 non
631 474 827 560 frangebant,
846 484 950 542 temen
957 477 1077 544 minue-
1096 500 1111 547 n

50 577 139 642 bant.
166 575 251 638 hunc
272 593 465 658 persequens
482 570 679 656 Antigonus,
703 591 776 632 cum
794 569 879 632 omni
895 591 1007 653 genere
1025 593 1079 636 eo-

50 671 175 757 piarum
197 667 385 743 abundaret,
414 687 508 750 saepe
528 665 562 729 in
583 663 747 728 itineribus
765 663 952 741 vexabatur,
977 687 1079 748 neque

51 785 203 847 umquam
221 762 261 826 ad
279 783 408 826 manum
422 758 571 825 accedere
588 758 704 824 licebat
716 758 778 821 nisi
795 757 845 822 his
859 757 947 835 locis,
966 758 1080 841 quibus

51 857 145 944 pauci
161 855 268 920 multis
284 866 416 940 possent
431 854 586 918 resistere.
614 852 671 916 sed
689 861 829 916 extremo
851 861 992 936 tempore
1009 874 1080 917 oum
1098 877 1113 924 a

51 950 183 1016 consilio
201 949 272 1032 capi
288 970 353 1014 non
369 957 487 1032 posset,
505 946 704 1011 multitudine
722 946 903 1010 circumitus
923 955 979 1011 est.
1007 946 1081 1010 hinc

51 1056 157 1109 tamen
182 1042 289 1107 multis
317 1041 384 1106 suis
412 1040 536 1106 amissis
564 1063 599 1104 se
625 1039 784 1124 expedivit
810 1049 841 1104 et
862 1041 896 1104 iu
917 1040 1081 1106 castellum

50 1137 226 1222 Phrygiae,
253 1135 340 1218 quod
355 1133 442 1200 Nora
464 1131 651 1219 appellatur,
680 1132 829 1219 confugit.
866 1134 900 1198 in
922 1156 989 1219 quo
1007 1155 1115 1204 cumr

52 1230 331 1295 circumsederetur
353 1237 384 1293 et
401 1237 574 1304 vereretur,
597 1249 638 1292 ne
655 1249 720 1291 uno
742 1227 812 1291 loeo
829 1249 959 1293 manens
978 1251 1077 1313 equos

50 1325 201 1390 militares
219 1324 377 1410 perderet,
400 1323 486 1407 quod
504 1322 642 1408 spatium
659 1344 724 1386 non
742 1331 826 1386 esset
843 1322 995 1407 agitandi,
1015 1323 1078 1388 cal-

49 1421 151 1484 lidum
169 1419 230 1483 suit
248 1420 315 1484 eius
329 1419 499 1495 inventum,
519 1417 786 1501 quemadmodum
800 1424 886 1480 stans
904 1417 1079 1481 iumentum

52 1512 250 1578 concalefieri
267 1512 465 1595 exercerique
483 1521 603 1596 posset,
623 1532 686 1594 quo
704 1509 852 1575 libentius
871 1519 902 1574 et
924 1509 994 1575 cibo
1012 1520 1080 1574 ute-

4 1687 5 1690 *
49 1618 139 1671 retur
156 1617 188 1670 et
205 1629 225 1669 a
243 1605 381 1689 corporis
403 1613 491 1669 motu
502 1627 571 1668 non
591 1613 812 1668 removeretur.
845 1603 1080 1689 substringebat
1098 1625 1115 1672 5

49 1709 151 1782 caput
167 1699 234 1764 loro
252 1699 355 1775 altius,
374 1720 468 1780 quam
481 1708 517 1762 ut
534 1698 688 1782 prioribus
706 1697 840 1782 pedibus
857 1698 951 1782 plane
965 1707 1079 1762 terram

4 1847 6 1880 r
48 1800 166 1878 posset
183 1791 350 1877 attingere3
369 1791 482 1856 deinde
500 1801 571 1875 post
583 1791 764 1856 verberibus
775 1792 908 1877 cogebat
921 1791 1079 1856 exsultare

50 1894 86 1948 et
104 1884 207 1950 caloes
223 1884 390 1950 remittere.
422 1886 477 1968 qui
494 1894 597 1950 motus
615 1907 679 1949 non
696 1886 799 1950 minus
818 1886 966 1950 sudorem
984 1907 1079 1950 excu-

4 1973 6 1975 ’
49 1977 158 2054 tiebat,
178 1979 314 2062 quamsi
331 1979 364 2044 iu
378 1979 479 2065 spatio
493 1980 679 2046 decurreret.
707 2002 769 2064 quo
783 1980 903 2044 factum
917 1990 974 2058 est,
993 1979 1079 2064 quod
1097 1999 1112 2046 6

5 2125 12 2161 3,
50 2071 201 2137 omnibus
220 2073 362 2138 mirabile
385 2084 434 2138 est
451 2074 569 2150 visum,
592 2083 628 2136 ut
646 2095 745 2158 aeque
766 2074 906 2137 iumenta
923 2074 1022 2137 nitida
1039 2096 1080 2137 ex

6 2217 9 2220 ,
49 2161 182 2230 castello
210 2167 372 2243 educeret,
404 2186 477 2230 cum
503 2166 679 2248 complures
706 2185 832 2230 menses
858 2165 892 2226 in
918 2165 1080 2230 obsidione

3 2314 4 2318 ,
47 2260 180 2336 fuisset,
196 2281 242 2323 ac
260 2261 288 2324 si
308 2261 343 2322 in
361 2258 588 2342 campestribus
611 2279 649 2320 ea
665 2257 743 2320 loeis
764 2255 935 2320 habuisset.
967 2257 1001 2320 in
1021 2257 1114 2324 haer

47 2353 266 2429 conclusione,
284 2352 543 2435 quotiescumque
561 2350 667 2426 voluit,
687 2359 870 2436 apparatum
888 2358 919 2414 et
936 2350 1082 2414 munitio·

47 2469 113 2513 nes
124 2445 277 2532 Antigoni
295 2447 372 2511 alias
390 2446 536 2523 incendit,
556 2446 632 2510 alias
646 2445 776 2509 disiecit.
805 2445 904 2510 tenuit
921 2455 1027 2510 autem
1045 2468 1079 2512 se

46 2562 116 2606 uno
143 2539 227 2616 loce,
252 2540 401 2623 quamdiu
423 2539 523 2605 hiems
541 2539 615 2616 fuit,
639 2539 725 2622 quod
746 2548 849 2604 castra
867 2539 925 2606 sub
952 2541 1005 2606 dio
1022 2540 1079 2604 ha-

47 2634 127 2699 bere
140 2655 204 2696 non
217 2642 348 2718 poterat.
375 2657 431 2698 ver
444 2632 728 2720 appropinquabat:
748 2633 894 2698 simulata
911 2633 1079 2708 deditione,

51 2728 130 2792 dum
147 2726 188 2790 de
202 2727 433 2793 conditionibus
446 2737 566 2804 tractat,
584 2726 753 2813 praefectis
762 2726 916 2811 Antigoni
929 2726 1080 2811 imposuit

53 2841 151 2903 seque
170 2843 207 2884 ao
226 2843 300 2886 suos
318 2844 427 2886 omnes
446 2822 580 2886 extraxit
596 2821 780 2886 incolumes.

103 2913 163 2978 VI.
190 2913 246 2979 Ad
263 2915 347 2980 hune
366 2914 544 3001 Olympias,
563 2925 662 2980 mater
679 2937 760 2998 quae
778 2913 881 2980 fuerat
892 2913 1077 2994 Alexandri,
1099 2934 1112 2978 1

54 3028 128 3070 eum
139 3007 257 3072 litteras
272 3017 303 3073 et
315 3010 442 3076 nuntios
456 3010 594 3075 misisset
607 3011 641 3074 in
649 3008 762 3074 Asiam
772 3010 960 3087 consultum,
973 3020 1080 3075 utrum
1095 3048 1097 3054 ·

53 3101 219 3183 repetitum
232 3100 455 3167 Macedoniam
473 3104 592 3168 veniret
610 3101 698 3186 (nam
714 3113 782 3166 tum
799 3102 940 3185 inIlpiro
957 3101 1080 3164 habita-

53 3191 125 3276 bat)
142 3203 172 3258 et
189 3218 242 3261 eas
260 3218 311 3261 res
330 3206 509 3281 occuparet,
532 3197 606 3261 huic
623 3197 675 3260 ille
692 3197 828 3280 primum
847 3191 958 3268 suasit,
981 3213 1021 3256 ne
1045 3215 1078 3256 se
1098 3209 1128 3255 2Ι

51 3299 193 3352 moveret
219 3299 250 3354 et
276 3299 485 3376 exspectaret,
513 3291 619 3374 quoad
635 3288 810 3354 Alexandri
835 3286 919 3352 filius
945 3307 1080 3370 regnum

54 3380 290 3463 adipisceretur3
314 3384 363 3448 sin
384 3384 489 3468 aliqua
511 3384 680 3469 cupiditate
701 3390 862 3468 raperetur
878 3381 912 3446 in
928 3377 1080 3444 Macedo-

52 3472 157 3551 niam,
182 3475 415 3544 oblivisceretur
441 3478 580 3543 omnium
606 3477 789 3542 iniuriarum
811 3485 842 3540 et
867 3475 901 3539 in
922 3474 1080 3541 neminem

51 3567 213 3636 acerbiore
230 3581 368 3638 uteretur
385 3573 525 3658 imperio.
553 3572 665 3637 horum
682 3571 736 3635 illa
754 3569 831 3634 nihil
849 3569 933 3636 fecit.
956 3593 1031 3636 nam
1049 3580 1080 3635 et
1098 3586 1113 3631 a

50 3663 86 3726 in
102 3663 327 3732 Macedoniam
343 3668 485 3754 profecta
502 3676 600 3733 estet
620 3667 666 3731 ibi
683 3666 899 3732 crudelissime
917 3689 951 3731 se
969 3665 1078 3749 gessit.

49 3758 131 3842 petit
156 3769 262 3826 autem
289 3761 329 3826 ab
353 3761 498 3826 Eumene
525 3760 670 3839 absente,
698 3783 739 3825 ne
760 3769 919 3845 pateretur
939 3755 1080 3837 Philippi

51 3851 166 3918 domus
188 3877 226 3920 ae
248 3855 385 3920 familiae
411 3856 643 3921 inimicissimos
672 3855 801 3936 stirpem
822 3851 947 3934 quoque
973 3847 1080 3910 interi-
1148 3859 1155 3872 ·

49 3967 138 4011 mere
160 3947 319 4033 ferretque
335 3972 429 4035 opem
448 3950 556 4016 liberis
573 3947 757 4014 Alexandri.
789 3965 883 4025 quam
905 3939 1030 4004 veniam
1053 3941 1115 4004 si4

49 4039 150 4122 daret,
169 4066 266 4128 quam
282 4045 419 4130 primum
433 4045 588 4112 exercitus
606 4048 740 4130 pararet,
760 4059 839 4123 quos
859 4033 920 4102 sibi
938 4033 1079 4102 subsidio
