2758 4726
457 208 669 268 murman.
1039 165 1080 269 7‘9

48 326 266 412 thaginienses
279 323 417 389 Romam
433 331 596 400 venerunt,
615 323 670 406 qui
683 327 805 388 senatui
820 329 999 414 populoque
1012 329 1079 396 Ro-

47 443 147 484 mano
164 417 282 504 gratias
300 426 443 502 agerent,
469 417 644 500 quodcum
660 416 712 482 his
729 439 841 502 paoem
857 421 1016 501 fecissent,
1035 425 1076 492 ob

49 537 184 601 eamque
201 537 269 580 rem
282 536 398 579 corona
412 535 506 578 aurea
519 535 573 578 eos
587 513 740 577 donarent
753 513 909 596 simulque
926 526 1075 600 peterent,

48 619 85 674 ut
103 609 231 674 obsides
250 630 358 676 eorum
370 607 525 692 Fregellis
544 615 651 674 essent
668 607 847 691 captivique
864 609 1076 676 redderentur.

48 703 99 768 his
128 725 168 767 ex
193 711 321 768 senatus
348 701 491 766 consulto
517 722 705 786 responsum
731 709 794 765 est:
825 723 942 768 munus
970 724 1111 770 eorume

48 805 175 882 gratum
188 803 414 880 acceptumque
428 816 512 871 esse3
532 793 670 871 obsides,
688 816 751 877 quo
764 795 834 859 looo
852 805 1010 880 rogarent,
1028 797 1079 862 fu-

49 907 153 967 turos3
176 890 317 974 captivos
339 912 404 954 non
420 888 622 965 remissoros,
641 889 727 971 quod
744 888 969 967 Hannibalem,
988 890 1078 955 cuius

50 1005 147 1068 opera
165 991 347 1068 susceptum
363 981 481 1047 bellum
499 981 592 1058 foret,
611 981 863 1048 inimicissimum
880 983 1000 1048 nomini
1013 983 1079 1048 Ro-

48 1099 157 1162 mano,
186 1077 363 1140 etiamnunc
380 1098 452 1141 oum
469 1076 601 1159 imperio
623 1075 707 1159 apud
729 1077 899 1142 exercitum
916 1075 1077 1154 haberent,

49 1171 188 1253 itemque
207 1169 335 1234 fratrem
357 1169 425 1232 eius
442 1167 626 1252 Magonem.
658 1167 719 1232 hoc
740 1190 891 1253 responso
911 1169 1078 1256 Carthagi·
1095 1193 1113 1240 4

49 1264 176 1328 nienses
195 1263 321 1348 cognito
339 1260 553 1326 Hannibalem
571 1259 700 1324 domum
718 1269 749 1323 et
760 1259 934 1346 Magonem
950 1286 1078 1328 revoca
1172 1284 1181 1299 ²

48 1367 132 1421 runt.
159 1357 222 1420 huo
239 1365 276 1418 ut
292 1355 392 1432 rediit,
411 1363 536 1439 praetor
552 1353 656 1418 faetus
674 1362 732 1429 est,
750 1351 920 1438 postquam
936 1377 993 1418 rex
1010 1355 1079 1420 fue-

46 1459 107 1524 rat,
127 1472 209 1514 anno
228 1449 366 1516 seeundo
385 1457 416 1512 et
433 1448 592 1512 vicesimo.
619 1456 655 1510 ut
672 1447 761 1512 enim
778 1447 899 1512 Romae
922 1447 1078 1526 consules,

48 1543 98 1608 sic
117 1541 310 1628 Carthagine
328 1541 494 1625 quotannis
513 1541 608 1606 annui
629 1540 695 1606 bini
712 1563 804 1626 reges
823 1539 1018 1606 creabantur.
1045 1543 1077 1605 in
1096 1565 1112 1611 5

8 1699 10 1703 ,
46 1659 90 1700 eo
108 1635 295 1720 magistratu
315 1635 384 1720 pari
401 1635 562 1720 diligentia
580 1657 614 1698 se
632 1634 794 1698 Hannibal
811 1634 956 1719 praebuit
973 1657 1010 1700 ac
1027 1635 1078 1699 fu-

9 1739 12 1795 l
46 1737 120 1794 erat
136 1728 170 1792 in
190 1727 283 1814 bello.
314 1751 448 1812 namque
472 1729 588 1806 effecit,
612 1751 652 1794 ex
674 1729 766 1793 novis
784 1728 992 1814 vectigalibus
1013 1751 1078 1794 non

48 1821 155 1887 solum
173 1831 208 1884 ut
226 1831 310 1886 esset
324 1823 468 1908 pecunia,
487 1845 568 1905 quae
585 1821 738 1888 Romanis
758 1846 798 1887 ex
815 1822 942 1887 foedere
959 1823 1078 1908 pende-

16 1947 19 1968 <
47 1924 149 1992 retur,
174 1915 231 1979 sed
253 1916 346 1980 etiam
369 1925 561 2002 superesset,
581 1917 712 2000 quaein
730 1917 848 1980 aerario
866 1926 1075 2001 reponeretur.
1100 1933 1104 1958 ¹

8 2039 24 2074 a:
48 2008 163 2074 deinde
181 2031 263 2078 anno
280 2018 353 2093 post
368 2019 557 2092 praeturam,
575 2008 688 2072 Marco
703 2008 847 2083 Claudio,
866 2010 970 2072 Lucio
979 2009 1076 2074 Furio
1096 2031 1112 2078 e

10 2167 11 2170 ,
48 2101 243 2178 consulibua,
262 2101 366 2165 Roma
382 2102 479 2183 legati
488 2099 714 2181 Carthaginem
731 2109 892 2162 venerunt.
918 2100 1078 2163 hosHan-

47 2193 138 2259 nibal
154 2202 243 2257 ratus
267 2193 316 2254 sui
338 2190 530 2273 exposcendi
551 2189 652 2273 gratia
673 2188 801 2264 missos,
824 2187 1008 2270 priusquam
1028 2189 1079 2252 his

8 2347 12 2356 ,
47 2295 183 2351 senatus
201 2283 336 2358 daretur,
354 2303 468 2346 navem
486 2280 627 2344 ascendit
644 2280 725 2344 clam
743 2289 837 2362 atque
855 2279 889 2344 in
899 2277 1025 2364 Syriam
1039 2281 1080 2343 ad

46 2375 250 2442 Antiochum
262 2373 411 2460 profugit.
438 2373 498 2438 hae
510 2396 544 2437 re
555 2373 662 2458 palam
675 2373 759 2438 facta
766 2373 867 2438 Poeni
880 2396 977 2438 naves
988 2374 1077 2452 duas,
1098 2397 1112 2443 7

8 2431 15 2516 l
45 2489 221 2558 quae'eum
235 2467 539 2552 comprehenderent,
554 2467 581 2532 si
593 2476 724 2551 possent
738 2468 897 2552 consequi,
916 2468 1077 2546 miserunt,

8 2555 9 2576 ¹
46 2564 136 2628 bona
153 2561 220 2624 eius
238 2559 445 2644 publicanmt,
465 2560 594 2626 domum
611 2584 631 2625 a
647 2561 860 2626 fundamentis
879 2562 1078 2638 disiecerunt,

48 2658 158 2741 ipsum
175 2655 300 2720 exulem
317 2654 504 2741 iudicarunt
595 2651 599 2658 ’

102 2745 197 2813 VIII.
224 2747 272 2812 At
288 2747 451 2813 Hannibal
472 2769 554 2812 anno
577 2747 677 2824 tertio,
700 2756 868 2832 postquam
891 2747 984 2812 domo
1005 2768 1111 2833 pro-1

50 2843 185 2928 fugerat,
196 2841 238 2905 L.
250 2839 408 2918 Cornelio,
420 2839 538 2922 Quinto
546 2839 689 2905 Minucio
700 2841 891 2920 oonsulibus,
906 2863 979 2908 oum
988 2841 1080 2924 quin-

52 2957 115 3018 que
131 2933 266 2999 navibus
285 2932 429 3001 Africam
447 2933 580 2998 accessit
600 2934 634 2997 in
651 2934 767 2999 finibus
787 2934 1032 3020 Cyrenaeorum,
1048 2935 1081 2999 ’si

51 3030 133 3093 forte
152 3027 430 3112 Carthaginienses
453 3027 495 3091 ad
515 3025 634 3091 bellum
650 3025 803 3105 Antiochi
825 3049 881 3112 spe
903 3027 1081 3108 fiduciaque

51 3129 183 3208 possent
199 3120 317 3197 induci,
336 3120 388 3184 cui
404 3121 468 3184 iam
484 3127 693 3205 persuaserat,
711 3127 748 3181 ut
760 3140 832 3182 eum
846 3117 1035 3182 exercitibus
1047 3119 1082 3180 in

51 3215 179 3280 Italiam
208 3213 467 3299 proficisceretur.
507 3213 570 3277 huo
595 3210 770 3298 Magonem
801 3209 930 3276 fratrem
957 3210 1081 3274 excivit.
1174 3236 1179 3246 ·

51 3309 89 3372 id
109 3307 166 3373 ubi
181 3306 283 3372 Poeni
303 3307 510 3384 resciverunt,
529 3305 705 3394 Magonem
722 3303 842 3383 eadem,
861 3327 925 3388 qua
942 3303 1080 3380 fratrem,
1099 3327 1114 3373 a

53 3401 218 3466 absentem
233 3404 336 3487 poe'na
353 3401 534 3468 affecerunt.
561 3401 608 3466 illi
625 3400 797 3486 desperatis
815 3399 910 3464 rebus
929 3419 1002 3464 cum
1020 3397 1083 3462 sol-

52 3495 176 3560 vissent
191 3517 288 3560 naves
311 3517 349 3560 ac
365 3495 437 3561 vela
458 3495 560 3560 ventis
579 3495 755 3572 dedissent,
773 3491 937 3560 Hannibal
954 3493 996 3558 ad
1012 3492 1083 3556 An-

53 3589 194 3655 tiochum
215 3589 366 3676 pervenit.
398 3587 437 3651 de
459 3587 609 3674 Magonis
635 3588 763 3653 interitu
788 3585 906 3673 duplex
931 3585 1083 3652 memoria

53 3685 178 3770 prodita
195 3693 257 3750 est:
279 3701 416 3765 namque
434 3680 487 3744 alii
499 3681 674 3766 naufragio,
692 3681 746 3746 alii
763 3705 783 3745 a
800 3683 900 3746 servis
917 3681 1018 3766 ipsius
1035 3678 1083 3740 in-

54 3781 221 3846 terfectum
243 3802 330 3856 eum,
354 3775 504 3860 scriptum
525 3773 725 3854 reliquerunt.
761 3771 940 3836 Antiochus
966 3781 1081 3845 autem,
1101 3795 1116 3840 3

57 3876 85 3940 si
97 3884 162 3940 tam
175 3875 208 3940 in
222 3873 346 3960 agendo
360 3869 442 3936 bello
452 3865 590 3932 consiliis
605 3865 672 3928 eius
686 3884 797 3947 parere
809 3863 972 3936 voluisset,
988 3881 1084 3940 quam

55 3968 89 4034 in
107 3969 308 4056 suscipiendo
330 3965 520 4064 instituerat,
542 3957 671 4047 propius
690 3955 798 4022 Tiberi
816 3975 912 4038 quam
930 3952 1084 4016 Thermo-
