<?xml version="1.0" encoding="UTF-8"?>
<!DOCTYPE html PUBLIC "-//W3C//DTD XHTML 1.0 Transitional//EN"
    "http://www.w3.org/TR/xhtml1/DTD/xhtml1-transitional.dtd">
<html xmlns="http://www.w3.org/1999/xhtml" xml:lang="en" lang="en">
 <head>
  <title>
</title>
<meta http-equiv="Content-Type" content="text/html;charset=utf-8" />
  <meta name='ocr-system' content='tesseract 3.04.00' />
  <meta name='ocr-capabilities' content='ocr_page ocr_carea ocr_par ocr_line ocrx_word'/>
</head>
<body>
  <div class='ocr_page' id='page_1' title='image "./corneliinepotis22nepogoog_0026.png"; bbox 0 0 2732 4722; ppageno 0'>
   <div class='ocr_carea' id='block_1_1' title="bbox 435 266 1065 330">
    <p class='ocr_par' dir='ltr' id='par_1_1' title="bbox 435 266 1065 330">
     <span class='ocr_line' id='line_1_1' title="bbox 435 266 1065 330; baseline -0.002 -8"><span class='ocrx_word' id='word_1_1' title='bbox 435 266 660 324; x_wconf 82' lang='lat' dir='ltr'>MILTIADES.</span> <span class='ocrx_word' id='word_1_2' title='bbox 1044 266 1065 330; x_wconf 86' lang='lat'><strong>3</strong></span> 
     </span>
    </p>
   </div>
   <div class='ocr_carea' id='block_1_2' title="bbox 26 383 1161 4024">
    <p class='ocr_par' dir='ltr' id='par_1_2' title="bbox 33 383 1098 1408">
     <span class='ocr_line' id='line_1_2' title="bbox 37 383 1064 476; baseline 0.007 -24"><span class='ocrx_word' id='word_1_3' title='bbox 37 407 143 452; x_wconf 88' lang='lat' dir='ltr'>eorum</span> <span class='ocrx_word' id='word_1_4' title='bbox 164 383 325 450; x_wconf 87' lang='lat' dir='ltr'>voluntate</span> <span class='ocrx_word' id='word_1_5' title='bbox 346 391 498 468; x_wconf 90' lang='lat' dir='ltr'>perpetuo</span> <span class='ocrx_word' id='word_1_6' title='bbox 517 383 687 470; x_wconf 90' lang='lat' dir='ltr'>imperium</span> <span class='ocrx_word' id='word_1_7' title='bbox 709 385 874 467; x_wconf 76' lang='lat' dir='ltr'>obtineret,</span> <span class='ocrx_word' id='word_1_8' title='bbox 898 391 952 476; x_wconf 90' lang='lat' dir='ltr'>qui</span> <span class='ocrx_word' id='word_1_9' title='bbox 969 393 1064 458; x_wconf 87' lang='lat' dir='ltr'>mise-</span> 
     </span>
     <span class='ocr_line' id='line_1_3' title="bbox 35 475 1098 564; baseline 0.006 -18"><span class='ocrx_word' id='word_1_10' title='bbox 35 489 112 556; x_wconf 85' lang='lat' dir='ltr'>rant,</span> <span class='ocrx_word' id='word_1_11' title='bbox 132 500 228 562; x_wconf 91' lang='lat' dir='ltr'>quam</span> <span class='ocrx_word' id='word_1_12' title='bbox 245 475 383 554; x_wconf 89' lang='lat' dir='ltr'>illorum,</span> <span class='ocrx_word' id='word_1_13' title='bbox 408 498 479 540; x_wconf 90' lang='lat' dir='ltr'>cum</span> <span class='ocrx_word' id='word_1_14' title='bbox 501 475 616 559; x_wconf 87' lang='lat' dir='ltr'>quibus</span> <span class='ocrx_word' id='word_1_15' title='bbox 640 486 706 542; x_wconf 91' lang='lat' dir='ltr'>erat</span> <span class='ocrx_word' id='word_1_16' title='bbox 722 479 889 564; x_wconf 83' lang='lat' dir='ltr'>profectus.</span> <span class='ocrx_word' id='word_1_17' title='bbox 927 483 1064 552; x_wconf 90' lang='lat' dir='ltr'>Cherso·</span> <span class='ocrx_word' id='word_1_18' title='bbox 1081 505 1098 551; x_wconf 85' lang='lat'>4</span> 
     </span>
     <span class='ocr_line' id='line_1_4' title="bbox 34 571 1063 665; baseline 0.006 -26"><span class='ocrx_word' id='word_1_19' title='bbox 34 597 111 639; x_wconf 87' lang='lat' dir='ltr'>nese</span> <span class='ocrx_word' id='word_1_20' title='bbox 129 573 185 638; x_wconf 90' lang='lat' dir='ltr'>tali</span> <span class='ocrx_word' id='word_1_21' title='bbox 202 571 297 636; x_wconf 91' lang='lat' dir='ltr'>modo</span> <span class='ocrx_word' id='word_1_22' title='bbox 320 571 488 636; x_wconf 87' lang='lat' dir='ltr'>constituta</span> <span class='ocrx_word' id='word_1_23' title='bbox 505 572 666 636; x_wconf 87' lang='lat' dir='ltr'><strong>Lemnum</strong></span> <span class='ocrx_word' id='word_1_24' title='bbox 683 575 849 640; x_wconf 88' lang='lat' dir='ltr'>revertitur</span> <span class='ocrx_word' id='word_1_25' title='bbox 866 587 897 640; x_wconf 89' lang='lat' dir='ltr'>et</span> <span class='ocrx_word' id='word_1_26' title='bbox 915 591 1063 665; x_wconf 82' lang='lat' dir='ltr'>expecto</span> 
     </span>
     <span class='ocr_line' id='line_1_5' title="bbox 34 663 1065 754; baseline 0.007 -22"><span class='ocrx_word' id='word_1_27' title='bbox 34 666 186 754; x_wconf 88' lang='lat' dir='ltr'>postulat,</span> <span class='ocrx_word' id='word_1_28' title='bbox 208 673 245 730; x_wconf 90' lang='lat' dir='ltr'>ut</span> <span class='ocrx_word' id='word_1_29' title='bbox 263 664 324 730; x_wconf 82' lang='lat' dir='ltr'>sibi</span> <span class='ocrx_word' id='word_1_30' title='bbox 345 663 455 728; x_wconf 89' lang='lat' dir='ltr'>urbem</span> <span class='ocrx_word' id='word_1_31' title='bbox 472 665 606 728; x_wconf 90' lang='lat' dir='ltr'>tradant.</span> <span class='ocrx_word' id='word_1_32' title='bbox 642 664 688 730; x_wconf 90' lang='lat' dir='ltr'>illi</span> <span class='ocrx_word' id='word_1_33' title='bbox 710 667 794 732; x_wconf 92' lang='lat' dir='ltr'>enim</span> <span class='ocrx_word' id='word_1_34' title='bbox 812 669 968 748; x_wconf 79' lang='lat' dir='ltr'><strong>dixerant,</strong></span> <span class='ocrx_word' id='word_1_35' title='bbox 992 696 1065 738; x_wconf 90' lang='lat' dir='ltr'>cum</span> 
     </span>
     <span class='ocr_line' id='line_1_6' title="bbox 34 758 1063 844; baseline 0.007 -17"><span class='ocrx_word' id='word_1_36' title='bbox 34 771 128 827; x_wconf 82' lang='lat' dir='ltr'>vento</span> <span class='ocrx_word' id='word_1_37' title='bbox 141 761 240 826; x_wconf 90' lang='lat' dir='ltr'>borea</span> <span class='ocrx_word' id='word_1_38' title='bbox 252 761 345 824; x_wconf 90' lang='lat' dir='ltr'>domo</span> <span class='ocrx_word' id='word_1_39' title='bbox 357 758 517 844; x_wconf 86' lang='lat' dir='ltr'>profectus</span> <span class='ocrx_word' id='word_1_40' title='bbox 528 781 566 824; x_wconf 93' lang='lat' dir='ltr'>eo</span> <span class='ocrx_word' id='word_1_41' title='bbox 578 760 784 844; x_wconf 86' lang='lat' dir='ltr'>pervenisset,</span> <span class='ocrx_word' id='word_1_42' title='bbox 804 785 876 828; x_wconf 90' lang='lat' dir='ltr'>sese</span> <span class='ocrx_word' id='word_1_43' title='bbox 890 765 1063 834; x_wconf 83' lang='lat' dir='ltr'>dedituros:</span> 
     </span>
     <span class='ocr_line' id='line_1_7' title="bbox 36 849 1098 942; baseline 0.004 -21"><span class='ocrx_word' id='word_1_44' title='bbox 36 877 70 920; x_wconf 93' lang='lat' dir='ltr'>se</span> <span class='ocrx_word' id='word_1_45' title='bbox 97 863 202 920; x_wconf 92' lang='lat' dir='ltr'>autem</span> <span class='ocrx_word' id='word_1_46' title='bbox 229 853 356 916; x_wconf 89' lang='lat' dir='ltr'>domum</span> <span class='ocrx_word' id='word_1_47' title='bbox 385 849 578 917; x_wconf 83' lang='lat' dir='ltr'>Chersonesi</span> <span class='ocrx_word' id='word_1_48' title='bbox 603 852 729 920; x_wconf 92' lang='lat' dir='ltr'>habere.</span> <span class='ocrx_word' id='word_1_49' title='bbox 776 853 889 935; x_wconf 82' lang='lat' dir='ltr'><strong>Cares,</strong></span> <span class='ocrx_word' id='word_1_50' title='bbox 917 859 972 942; x_wconf 93' lang='lat' dir='ltr'>qui</span> <span class='ocrx_word' id='word_1_51' title='bbox 998 870 1098 927; x_wconf 84' lang='lat' dir='ltr'>tum5</span> 
     </span>
     <span class='ocr_line' id='line_1_8' title="bbox 34 943 1063 1035; baseline 0.007 -22"><span class='ocrx_word' id='word_1_52' title='bbox 34 949 194 1013; x_wconf 83' lang='lat' dir='ltr'><strong>Lemnum</strong></span> <span class='ocrx_word' id='word_1_53' title='bbox 210 943 396 1022; x_wconf 90' lang='lat' dir='ltr'>incolebant,</span> <span class='ocrx_word' id='word_1_54' title='bbox 416 944 475 1010; x_wconf 92' lang='lat' dir='ltr'>etsi</span> <span class='ocrx_word' id='word_1_55' title='bbox 491 954 616 1031; x_wconf 87' lang='lat' dir='ltr'>praeter</span> <span class='ocrx_word' id='word_1_56' title='bbox 633 947 812 1032; x_wconf 85' lang='lat' dir='ltr'>opinionem</span> <span class='ocrx_word' id='word_1_57' title='bbox 828 973 880 1016; x_wconf 90' lang='lat' dir='ltr'>res</span> <span class='ocrx_word' id='word_1_58' title='bbox 899 953 1063 1035; x_wconf 76' lang='lat' dir='ltr'>ceciderat,</span> 
     </span>
     <span class='ocr_line' id='line_1_9' title="bbox 35 1039 1062 1134; baseline 0.008 -28"><span class='ocrx_word' id='word_1_59' title='bbox 35 1051 140 1106; x_wconf 90' lang='lat' dir='ltr'>tamen</span> <span class='ocrx_word' id='word_1_60' title='bbox 157 1062 219 1104; x_wconf 90' lang='lat' dir='ltr'>non</span> <span class='ocrx_word' id='word_1_61' title='bbox 233 1039 326 1116; x_wconf 93' lang='lat' dir='ltr'>dicto,</span> <span class='ocrx_word' id='word_1_62' title='bbox 345 1039 403 1104; x_wconf 92' lang='lat' dir='ltr'>sed</span> <span class='ocrx_word' id='word_1_63' title='bbox 421 1039 560 1106; x_wconf 87' lang='lat' dir='ltr'>secunda</span> <span class='ocrx_word' id='word_1_64' title='bbox 573 1039 698 1104; x_wconf 86' lang='lat' dir='ltr'>fortuna</span> <span class='ocrx_word' id='word_1_65' title='bbox 711 1041 963 1112; x_wconf 90' lang='lat' dir='ltr'>adversariorum</span> <span class='ocrx_word' id='word_1_66' title='bbox 981 1049 1062 1134; x_wconf 85' lang='lat' dir='ltr'>capt&#39;</span> 
     </span>
     <span class='ocr_line' id='line_1_10' title="bbox 33 1131 1064 1228; baseline 0.005 -28"><span class='ocrx_word' id='word_1_67' title='bbox 33 1131 177 1200; x_wconf 87' lang='lat' dir='ltr'>resistere</span> <span class='ocrx_word' id='word_1_68' title='bbox 195 1134 265 1198; x_wconf 88' lang='lat' dir='ltr'>ausi</span> <span class='ocrx_word' id='word_1_69' title='bbox 281 1155 346 1198; x_wconf 90' lang='lat' dir='ltr'>non</span> <span class='ocrx_word' id='word_1_70' title='bbox 364 1141 438 1199; x_wconf 92' lang='lat' dir='ltr'>sunt</span> <span class='ocrx_word' id='word_1_71' title='bbox 455 1142 549 1218; x_wconf 91' lang='lat' dir='ltr'>atque</span> <span class='ocrx_word' id='word_1_72' title='bbox 567 1155 607 1197; x_wconf 88' lang='lat' dir='ltr'>ex</span> <span class='ocrx_word' id='word_1_73' title='bbox 624 1134 728 1199; x_wconf 89' lang='lat' dir='ltr'>insula</span> <span class='ocrx_word' id='word_1_74' title='bbox 744 1136 967 1224; x_wconf 83' lang='lat' dir='ltr'>demigrarunt.</span> <span class='ocrx_word' id='word_1_75' title='bbox 994 1144 1064 1228; x_wconf 90' lang='lat' dir='ltr'>pari</span> 
     </span>
     <span class='ocr_line' id='line_1_11' title="bbox 33 1226 1062 1314; baseline 0.01 -20"><span class='ocrx_word' id='word_1_76' title='bbox 33 1229 180 1294; x_wconf 85' lang='lat' dir='ltr'>felicitate</span> <span class='ocrx_word' id='word_1_77' title='bbox 199 1238 319 1294; x_wconf 90' lang='lat' dir='ltr'>ceteras</span> <span class='ocrx_word' id='word_1_78' title='bbox 338 1228 469 1305; x_wconf 86' lang='lat' dir='ltr'>insulas,</span> <span class='ocrx_word' id='word_1_79' title='bbox 488 1250 570 1312; x_wconf 91' lang='lat' dir='ltr'>quae</span> <span class='ocrx_word' id='word_1_80' title='bbox 590 1226 746 1313; x_wconf 80' lang='lat' dir='ltr'>Cyclades</span> <span class='ocrx_word' id='word_1_81' title='bbox 764 1228 977 1314; x_wconf 87' lang='lat' dir='ltr'>nominantur,</span> <span class='ocrx_word' id='word_1_82' title='bbox 1003 1237 1062 1304; x_wconf 91' lang='lat' dir='ltr'>sub</span> 
     </span>
     <span class='ocr_line' id='line_1_12' title="bbox 33 1322 634 1408; baseline -0.005 -19"><span class='ocrx_word' id='word_1_83' title='bbox 33 1322 279 1389; x_wconf 78' lang='lat' dir='ltr'>Atheniensium</span> <span class='ocrx_word' id='word_1_84' title='bbox 295 1323 419 1408; x_wconf 81' lang='lat' dir='ltr'>redegit</span> <span class='ocrx_word' id='word_1_85' title='bbox 435 1331 634 1406; x_wconf 88' lang='lat' dir='ltr'>potestatem.</span> 
     </span>
    </p>

    <p class='ocr_par' dir='ltr' id='par_1_3' title="bbox 26 1414 1161 4024">
     <span class='ocr_line' id='line_1_13' title="bbox 82 1414 1096 1502; baseline 0.001 -20"><span class='ocrx_word' id='word_1_86' title='bbox 82 1417 145 1482; x_wconf 89' lang='lat' dir='ltr'>III.</span> <span class='ocrx_word' id='word_1_87' title='bbox 172 1417 307 1482; x_wconf 86' lang='lat' dir='ltr'>Eisdem</span> <span class='ocrx_word' id='word_1_88' title='bbox 325 1415 520 1502; x_wconf 86' lang='lat' dir='ltr'>temporibus</span> <span class='ocrx_word' id='word_1_89' title='bbox 533 1414 705 1480; x_wconf 86' lang='lat' dir='ltr'>Persarum</span> <span class='ocrx_word' id='word_1_90' title='bbox 722 1437 779 1480; x_wconf 87' lang='lat' dir='ltr'>rex</span> <span class='ocrx_word' id='word_1_91' title='bbox 790 1416 910 1484; x_wconf 85' lang='lat' dir='ltr'>Darius</span> <span class='ocrx_word' id='word_1_92' title='bbox 930 1440 970 1484; x_wconf 85' lang='lat' dir='ltr'>ex</span> <span class='ocrx_word' id='word_1_93' title='bbox 982 1419 1064 1486; x_wconf 87' lang='lat' dir='ltr'>Asia</span> <span class='ocrx_word' id='word_1_94' title='bbox 1082 1439 1096 1483; x_wconf 90' lang='lat'>1</span> 
     </span>
     <span class='ocr_line' id='line_1_14' title="bbox 31 1507 1065 1598; baseline 0.002 -20"><span class='ocrx_word' id='word_1_95' title='bbox 31 1513 64 1578; x_wconf 92' lang='lat' dir='ltr'>in</span> <span class='ocrx_word' id='word_1_96' title='bbox 81 1512 246 1598; x_wconf 82' lang='lat' dir='ltr'>Europam</span> <span class='ocrx_word' id='word_1_97' title='bbox 269 1511 408 1577; x_wconf 84' lang='lat' dir='ltr'>exercitu</span> <span class='ocrx_word' id='word_1_98' title='bbox 430 1510 559 1588; x_wconf 82' lang='lat' dir='ltr'>traiecto</span> <span class='ocrx_word' id='word_1_99' title='bbox 584 1507 711 1594; x_wconf 86' lang='lat' dir='ltr'>Scythis</span> <span class='ocrx_word' id='word_1_100' title='bbox 733 1510 851 1576; x_wconf 90' lang='lat' dir='ltr'>bellum</span> <span class='ocrx_word' id='word_1_101' title='bbox 873 1512 988 1578; x_wconf 87' lang='lat' dir='ltr'>inferre</span> <span class='ocrx_word' id='word_1_102' title='bbox 1011 1514 1065 1580; x_wconf 93' lang='lat' dir='ltr'>de-</span> 
     </span>
     <span class='ocr_line' id='line_1_15' title="bbox 32 1602 1064 1691; baseline 0.001 -19"><span class='ocrx_word' id='word_1_103' title='bbox 32 1607 139 1672; x_wconf 88' lang='lat' dir='ltr'>crevit.</span> <span class='ocrx_word' id='word_1_104' title='bbox 179 1613 308 1691; x_wconf 89' lang='lat' dir='ltr'>pontem</span> <span class='ocrx_word' id='word_1_105' title='bbox 330 1603 405 1668; x_wconf 86' lang='lat' dir='ltr'>fecit</span> <span class='ocrx_word' id='word_1_106' title='bbox 427 1604 461 1666; x_wconf 90' lang='lat' dir='ltr'>in</span> <span class='ocrx_word' id='word_1_107' title='bbox 481 1602 594 1667; x_wconf 88' lang='lat' dir='ltr'>Histro</span> <span class='ocrx_word' id='word_1_108' title='bbox 616 1603 758 1681; x_wconf 90' lang='lat' dir='ltr'>flumine,</span> <span class='ocrx_word' id='word_1_109' title='bbox 782 1627 845 1688; x_wconf 91' lang='lat' dir='ltr'>qua</span> <span class='ocrx_word' id='word_1_110' title='bbox 868 1607 974 1691; x_wconf 93' lang='lat' dir='ltr'>copias</span> <span class='ocrx_word' id='word_1_111' title='bbox 1002 1615 1064 1674; x_wconf 91' lang='lat' dir='ltr'>tra-</span> 
     </span>
     <span class='ocr_line' id='line_1_16' title="bbox 31 1695 1064 1786; baseline 0.003 -23"><span class='ocrx_word' id='word_1_112' title='bbox 31 1701 170 1764; x_wconf 90' lang='lat' dir='ltr'>duceret.</span> <span class='ocrx_word' id='word_1_113' title='bbox 208 1697 276 1761; x_wconf 91' lang='lat' dir='ltr'>eius</span> <span class='ocrx_word' id='word_1_114' title='bbox 293 1697 413 1782; x_wconf 88' lang='lat' dir='ltr'>pontis,</span> <span class='ocrx_word' id='word_1_115' title='bbox 438 1697 514 1762; x_wconf 94' lang='lat' dir='ltr'>dum</span> <span class='ocrx_word' id='word_1_116' title='bbox 531 1697 600 1781; x_wconf 89' lang='lat' dir='ltr'>ipse</span> <span class='ocrx_word' id='word_1_117' title='bbox 618 1695 753 1775; x_wconf 89' lang='lat' dir='ltr'>abesset,</span> <span class='ocrx_word' id='word_1_118' title='bbox 773 1699 920 1764; x_wconf 88' lang='lat' dir='ltr'>custodes</span> <span class='ocrx_word' id='word_1_119' title='bbox 938 1700 1064 1786; x_wconf 91' lang='lat' dir='ltr'>reliquit</span> 
     </span>
     <span class='ocr_line' id='line_1_17' title="bbox 30 1787 1156 1878; baseline 0.004 -22"><span class='ocrx_word' id='word_1_120' title='bbox 30 1791 205 1877; x_wconf 88' lang='lat' dir='ltr'>principes,</span> <span class='ocrx_word' id='word_1_121' title='bbox 228 1813 308 1874; x_wconf 89' lang='lat' dir='ltr'>quos</span> <span class='ocrx_word' id='word_1_122' title='bbox 328 1812 435 1856; x_wconf 91' lang='lat' dir='ltr'>secum</span> <span class='ocrx_word' id='word_1_123' title='bbox 457 1813 496 1855; x_wconf 84' lang='lat' dir='ltr'>ex</span> <span class='ocrx_word' id='word_1_124' title='bbox 513 1790 605 1856; x_wconf 85' lang='lat' dir='ltr'>Ionia</span> <span class='ocrx_word' id='word_1_125' title='bbox 622 1800 653 1856; x_wconf 90' lang='lat' dir='ltr'>et</span> <span class='ocrx_word' id='word_1_126' title='bbox 670 1790 805 1857; x_wconf 90' lang='lat' dir='ltr'>Aeolide</span> <span class='ocrx_word' id='word_1_127' title='bbox 823 1794 970 1874; x_wconf 85' lang='lat' dir='ltr'>duxerat3</span> <span class='ocrx_word' id='word_1_128' title='bbox 994 1797 1064 1878; x_wconf 91' lang='lat' dir='ltr'>qui·</span> <span class='ocrx_word' id='word_1_129' title='bbox 1155 1787 1156 1791; x_wconf 26' lang='lat'>¹</span> 
     </span>
     <span class='ocr_line' id='line_1_18' title="bbox 31 1883 1060 1973; baseline 0.002 -21"><span class='ocrx_word' id='word_1_130' title='bbox 31 1885 93 1952; x_wconf 89' lang='lat' dir='ltr'>bus</span> <span class='ocrx_word' id='word_1_131' title='bbox 117 1883 250 1970; x_wconf 87' lang='lat' dir='ltr'>singulis</span> <span class='ocrx_word' id='word_1_132' title='bbox 272 1885 412 1968; x_wconf 91' lang='lat' dir='ltr'>ipsarum</span> <span class='ocrx_word' id='word_1_133' title='bbox 439 1884 566 1949; x_wconf 91' lang='lat' dir='ltr'>urbium</span> <span class='ocrx_word' id='word_1_134' title='bbox 587 1895 739 1970; x_wconf 90' lang='lat' dir='ltr'>perpetua</span> <span class='ocrx_word' id='word_1_135' title='bbox 765 1887 894 1952; x_wconf 89' lang='lat' dir='ltr'>dederat</span> <span class='ocrx_word' id='word_1_136' title='bbox 919 1888 1060 1973; x_wconf 90' lang='lat' dir='ltr'>imperia.</span> 
     </span>
     <span class='ocr_line' id='line_1_19' title="bbox 32 1977 1095 2068; baseline -0.001 -24"><span class='ocrx_word' id='word_1_137' title='bbox 32 1979 78 2044; x_wconf 89' lang='lat' dir='ltr'>sic</span> <span class='ocrx_word' id='word_1_138' title='bbox 109 1979 194 2044; x_wconf 90' lang='lat' dir='ltr'>enim</span> <span class='ocrx_word' id='word_1_139' title='bbox 220 1979 368 2044; x_wconf 85' lang='lat' dir='ltr'>facillime</span> <span class='ocrx_word' id='word_1_140' title='bbox 393 1979 517 2065; x_wconf 89' lang='lat' dir='ltr'>putavit</span> <span class='ocrx_word' id='word_1_141' title='bbox 544 2002 578 2046; x_wconf 90' lang='lat' dir='ltr'>se</span> <span class='ocrx_word' id='word_1_142' title='bbox 602 1977 726 2046; x_wconf 89' lang='lat' dir='ltr'>Graeca</span> <span class='ocrx_word' id='word_1_143' title='bbox 750 1981 860 2068; x_wconf 89' lang='lat' dir='ltr'>lingua</span> <span class='ocrx_word' id='word_1_144' title='bbox 886 1982 1060 2066; x_wconf 89' lang='lat' dir='ltr'>loquentes,</span> <span class='ocrx_word' id='word_1_145' title='bbox 1081 1997 1095 2043; x_wconf 87' lang='lat'>2</span> 
     </span>
     <span class='ocr_line' id='line_1_20' title="bbox 31 2071 1064 2160; baseline 0.006 -24"><span class='ocrx_word' id='word_1_146' title='bbox 31 2072 85 2156; x_wconf 91' lang='lat' dir='ltr'>qui</span> <span class='ocrx_word' id='word_1_147' title='bbox 106 2071 221 2138; x_wconf 87' lang='lat' dir='ltr'>Asiam</span> <span class='ocrx_word' id='word_1_148' title='bbox 242 2073 426 2151; x_wconf 89' lang='lat' dir='ltr'>incolerent,</span> <span class='ocrx_word' id='word_1_149' title='bbox 450 2073 510 2138; x_wconf 91' lang='lat' dir='ltr'>sub</span> <span class='ocrx_word' id='word_1_150' title='bbox 537 2097 596 2138; x_wconf 91' lang='lat' dir='ltr'>sua</span> <span class='ocrx_word' id='word_1_151' title='bbox 621 2084 815 2138; x_wconf 89' lang='lat' dir='ltr'>retenturum</span> <span class='ocrx_word' id='word_1_152' title='bbox 836 2085 1006 2160; x_wconf 87' lang='lat' dir='ltr'>potestate,</span> <span class='ocrx_word' id='word_1_153' title='bbox 1036 2079 1064 2142; x_wconf 89' lang='lat' dir='ltr'>si</span> 
     </span>
     <span class='ocr_line' id='line_1_21' title="bbox 31 2165 1063 2251; baseline 0.004 -22"><span class='ocrx_word' id='word_1_154' title='bbox 31 2165 141 2231; x_wconf 90' lang='lat' dir='ltr'>amicis</span> <span class='ocrx_word' id='word_1_155' title='bbox 161 2166 227 2230; x_wconf 89' lang='lat' dir='ltr'>suis</span> <span class='ocrx_word' id='word_1_156' title='bbox 246 2167 363 2251; x_wconf 93' lang='lat' dir='ltr'>oppida</span> <span class='ocrx_word' id='word_1_157' title='bbox 379 2167 497 2230; x_wconf 89' lang='lat' dir='ltr'>tuenda</span> <span class='ocrx_word' id='word_1_158' title='bbox 515 2167 705 2242; x_wconf 84' lang='lat' dir='ltr'>tradidisset,</span> <span class='ocrx_word' id='word_1_159' title='bbox 725 2167 840 2249; x_wconf 90' lang='lat' dir='ltr'>quibus</span> <span class='ocrx_word' id='word_1_160' title='bbox 859 2189 894 2230; x_wconf 87' lang='lat' dir='ltr'>se</span> <span class='ocrx_word' id='word_1_161' title='bbox 911 2191 1063 2250; x_wconf 89' lang='lat' dir='ltr'>oppresso</span> 
     </span>
     <span class='ocr_line' id='line_1_22' title="bbox 30 2258 1063 2342; baseline 0 -19"><span class='ocrx_word' id='word_1_162' title='bbox 30 2260 121 2324; x_wconf 84' lang='lat' dir='ltr'>nulla</span> <span class='ocrx_word' id='word_1_163' title='bbox 139 2281 212 2342; x_wconf 90' lang='lat' dir='ltr'>spes</span> <span class='ocrx_word' id='word_1_164' title='bbox 231 2259 341 2322; x_wconf 89' lang='lat' dir='ltr'>salutis</span> <span class='ocrx_word' id='word_1_165' title='bbox 359 2259 596 2340; x_wconf 85' lang='lat' dir='ltr'>relinqueretur.</span> <span class='ocrx_word' id='word_1_166' title='bbox 631 2259 665 2321; x_wconf 92' lang='lat' dir='ltr'>in</span> <span class='ocrx_word' id='word_1_167' title='bbox 681 2258 743 2321; x_wconf 93' lang='lat' dir='ltr'>hoc</span> <span class='ocrx_word' id='word_1_168' title='bbox 764 2258 826 2322; x_wconf 86' lang='lat' dir='ltr'>fuit</span> <span class='ocrx_word' id='word_1_169' title='bbox 843 2267 911 2322; x_wconf 89' lang='lat' dir='ltr'>tum</span> <span class='ocrx_word' id='word_1_170' title='bbox 932 2281 1063 2324; x_wconf 88' lang='lat' dir='ltr'>numero</span> 
     </span>
     <span class='ocr_line' id='line_1_23' title="bbox 29 2350 1097 2432; baseline -0.004 -15"><span class='ocrx_word' id='word_1_171' title='bbox 29 2352 212 2428; x_wconf 85' lang='lat' dir='ltr'>Miltiades,</span> <span class='ocrx_word' id='word_1_172' title='bbox 241 2351 292 2414; x_wconf 88' lang='lat' dir='ltr'>cui</span> <span class='ocrx_word' id='word_1_173' title='bbox 321 2351 376 2414; x_wconf 91' lang='lat' dir='ltr'>illa</span> <span class='ocrx_word' id='word_1_174' title='bbox 398 2350 542 2415; x_wconf 88' lang='lat' dir='ltr'>custodia</span> <span class='ocrx_word' id='word_1_175' title='bbox 568 2351 754 2416; x_wconf 89' lang='lat' dir='ltr'>crederetur.</span> <span class='ocrx_word' id='word_1_176' title='bbox 794 2351 846 2416; x_wconf 91' lang='lat' dir='ltr'>hic</span> <span class='ocrx_word' id='word_1_177' title='bbox 868 2373 941 2416; x_wconf 90' lang='lat' dir='ltr'>cum</span> <span class='ocrx_word' id='word_1_178' title='bbox 964 2352 1097 2432; x_wconf 79' lang='lat' dir='ltr'>crebris</span> 
     </span>
     <span class='ocr_line' id='line_1_24' title="bbox 29 2443 1064 2531; baseline 0.001 -20"><span class='ocrx_word' id='word_1_179' title='bbox 29 2445 180 2512; x_wconf 88' lang='lat' dir='ltr'>afferrent</span> <span class='ocrx_word' id='word_1_180' title='bbox 205 2444 319 2520; x_wconf 91' lang='lat' dir='ltr'>nuntii,</span> <span class='ocrx_word' id='word_1_181' title='bbox 351 2443 433 2508; x_wconf 86' lang='lat' dir='ltr'>male</span> <span class='ocrx_word' id='word_1_182' title='bbox 459 2443 526 2508; x_wconf 86' lang='lat' dir='ltr'>rem</span> <span class='ocrx_word' id='word_1_183' title='bbox 552 2466 661 2530; x_wconf 86' lang='lat' dir='ltr'>gerere</span> <span class='ocrx_word' id='word_1_184' title='bbox 687 2445 824 2509; x_wconf 88' lang='lat' dir='ltr'>Darium</span> <span class='ocrx_word' id='word_1_185' title='bbox 854 2446 1017 2531; x_wconf 89' lang='lat' dir='ltr'>premique</span> <span class='ocrx_word' id='word_1_186' title='bbox 1044 2472 1064 2512; x_wconf 94' lang='lat' dir='ltr'>a</span> 
     </span>
     <span class='ocr_line' id='line_1_25' title="bbox 31 2535 1062 2625; baseline 0.001 -20"><span class='ocrx_word' id='word_1_187' title='bbox 31 2537 172 2624; x_wconf 90' lang='lat' dir='ltr'>Scythis,</span> <span class='ocrx_word' id='word_1_188' title='bbox 190 2535 353 2602; x_wconf 86' lang='lat' dir='ltr'>Miltiades</span> <span class='ocrx_word' id='word_1_189' title='bbox 372 2537 514 2602; x_wconf 88' lang='lat' dir='ltr'>hortatus</span> <span class='ocrx_word' id='word_1_190' title='bbox 534 2548 582 2603; x_wconf 92' lang='lat' dir='ltr'>est</span> <span class='ocrx_word' id='word_1_191' title='bbox 603 2539 708 2625; x_wconf 89' lang='lat' dir='ltr'>pontis</span> <span class='ocrx_word' id='word_1_192' title='bbox 727 2540 884 2618; x_wconf 90' lang='lat' dir='ltr'>custodes,</span> <span class='ocrx_word' id='word_1_193' title='bbox 903 2563 943 2606; x_wconf 91' lang='lat' dir='ltr'>ne</span> <span class='ocrx_word' id='word_1_194' title='bbox 961 2565 981 2606; x_wconf 91' lang='lat' dir='ltr'>a</span> <span class='ocrx_word' id='word_1_195' title='bbox 998 2542 1062 2608; x_wconf 83' lang='lat' dir='ltr'>for-</span> 
     </span>
     <span class='ocr_line' id='line_1_26' title="bbox 29 2631 1060 2698; baseline 0.001 -1"><span class='ocrx_word' id='word_1_196' title='bbox 29 2642 107 2698; x_wconf 87' lang='lat' dir='ltr'>tuna</span> <span class='ocrx_word' id='word_1_197' title='bbox 129 2631 235 2696; x_wconf 87' lang='lat' dir='ltr'>datam</span> <span class='ocrx_word' id='word_1_198' title='bbox 258 2631 457 2698; x_wconf 88' lang='lat' dir='ltr'>occasionem</span> <span class='ocrx_word' id='word_1_199' title='bbox 482 2631 663 2697; x_wconf 90' lang='lat' dir='ltr'>liberandae</span> <span class='ocrx_word' id='word_1_200' title='bbox 687 2634 838 2698; x_wconf 79' lang='lat' dir='ltr'>Graeciae</span> <span class='ocrx_word' id='word_1_201' title='bbox 860 2635 1060 2698; x_wconf 87' lang='lat' dir='ltr'>dimitterent.</span> 
     </span>
     <span class='ocr_line' id='line_1_27' title="bbox 28 2715 1095 2812; baseline -0.002 -20"><span class='ocrx_word' id='word_1_202' title='bbox 28 2750 106 2792; x_wconf 93' lang='lat' dir='ltr'>nam</span> <span class='ocrx_word' id='word_1_203' title='bbox 128 2726 247 2790; x_wconf 89' lang='lat' dir='ltr'>sicum</span> <span class='ocrx_word' id='word_1_204' title='bbox 267 2725 316 2790; x_wconf 88' lang='lat' dir='ltr'>his</span> <span class='ocrx_word' id='word_1_205' title='bbox 336 2726 449 2811; x_wconf 90' lang='lat' dir='ltr'>copiis,</span> <span class='ocrx_word' id='word_1_206' title='bbox 473 2747 552 2810; x_wconf 92' lang='lat' dir='ltr'>quas</span> <span class='ocrx_word' id='word_1_207' title='bbox 572 2747 680 2806; x_wconf 85' lang='lat' dir='ltr'>secum</span> <span class='ocrx_word' id='word_1_208' title='bbox 703 2736 943 2812; x_wconf 85' lang='lat' dir='ltr'>transportaret,</span> <span class='ocrx_word' id='word_1_209' title='bbox 966 2715 1061 2792; x_wconf 84' lang='lat' dir='ltr'>inter-</span> <span class='ocrx_word' id='word_1_210' title='bbox 1079 2744 1095 2790; x_wconf 82' lang='lat'>4</span> 
     </span>
     <span class='ocr_line' id='line_1_28' title="bbox 27 2817 1062 2905; baseline -0.001 -18"><span class='ocrx_word' id='word_1_211' title='bbox 27 2821 109 2888; x_wconf 86' lang='lat' dir='ltr'>isset</span> <span class='ocrx_word' id='word_1_212' title='bbox 125 2817 259 2896; x_wconf 88' lang='lat' dir='ltr'>Darius,</span> <span class='ocrx_word' id='word_1_213' title='bbox 283 2841 348 2884; x_wconf 91' lang='lat' dir='ltr'>non</span> <span class='ocrx_word' id='word_1_214' title='bbox 366 2819 468 2884; x_wconf 91' lang='lat' dir='ltr'>solum</span> <span class='ocrx_word' id='word_1_215' title='bbox 485 2820 650 2905; x_wconf 88' lang='lat' dir='ltr'>Europam</span> <span class='ocrx_word' id='word_1_216' title='bbox 667 2819 735 2883; x_wconf 84' lang='lat' dir='ltr'>fore</span> <span class='ocrx_word' id='word_1_217' title='bbox 753 2828 867 2897; x_wconf 91' lang='lat' dir='ltr'>tutam,</span> <span class='ocrx_word' id='word_1_218' title='bbox 893 2821 949 2884; x_wconf 89' lang='lat' dir='ltr'>sed</span> <span class='ocrx_word' id='word_1_219' title='bbox 968 2821 1062 2886; x_wconf 89' lang='lat' dir='ltr'>etiam</span> 
     </span>
     <span class='ocr_line' id='line_1_29' title="bbox 29 2911 1062 3000; baseline 0.001 -20"><span class='ocrx_word' id='word_1_220' title='bbox 29 2938 95 2992; x_wconf 88' lang='lat' dir='ltr'>eos,</span> <span class='ocrx_word' id='word_1_221' title='bbox 115 2914 171 2997; x_wconf 93' lang='lat' dir='ltr'>qui</span> <span class='ocrx_word' id='word_1_222' title='bbox 187 2911 303 2978; x_wconf 85' lang='lat' dir='ltr'>Asiam</span> <span class='ocrx_word' id='word_1_223' title='bbox 319 2913 490 2977; x_wconf 90' lang='lat' dir='ltr'>incolerent</span> <span class='ocrx_word' id='word_1_224' title='bbox 508 2911 623 2979; x_wconf 86' lang='lat' dir='ltr'>Graeci</span> <span class='ocrx_word' id='word_1_225' title='bbox 640 2936 764 3000; x_wconf 82' lang='lat' dir='ltr'>genere,</span> <span class='ocrx_word' id='word_1_226' title='bbox 783 2913 897 2980; x_wconf 91' lang='lat' dir='ltr'>liberos</span> <span class='ocrx_word' id='word_1_227' title='bbox 917 2915 1062 2981; x_wconf 90' lang='lat' dir='ltr'>aPersa-</span> 
     </span>
     <span class='ocr_line' id='line_1_30' title="bbox 26 3005 1060 3092; baseline 0 -20"><span class='ocrx_word' id='word_1_228' title='bbox 26 3029 102 3072; x_wconf 88' lang='lat' dir='ltr'>rum</span> <span class='ocrx_word' id='word_1_229' title='bbox 119 3007 242 3068; x_wconf 77' lang='lat' dir='ltr'>futuros</span> <span class='ocrx_word' id='word_1_230' title='bbox 257 3005 468 3072; x_wconf 85' lang='lat' dir='ltr'>dominatione</span> <span class='ocrx_word' id='word_1_231' title='bbox 481 3015 512 3069; x_wconf 92' lang='lat' dir='ltr'>et</span> <span class='ocrx_word' id='word_1_232' title='bbox 528 3007 681 3090; x_wconf 89' lang='lat' dir='ltr'>periculo;</span> <span class='ocrx_word' id='word_1_233' title='bbox 700 3016 732 3070; x_wconf 93' lang='lat' dir='ltr'>et</span> <span class='ocrx_word' id='word_1_234' title='bbox 749 3007 840 3070; x_wconf 84' lang='lat' dir='ltr'>facile</span> <span class='ocrx_word' id='word_1_235' title='bbox 856 3008 940 3072; x_wconf 88' lang='lat' dir='ltr'>effici</span> <span class='ocrx_word' id='word_1_236' title='bbox 956 3031 1060 3092; x_wconf 87' lang='lat' dir='ltr'>posse,</span> 
     </span>
     <span class='ocr_line' id='line_1_31' title="bbox 26 3089 1063 3185; baseline -0.001 -21"><span class='ocrx_word' id='word_1_237' title='bbox 26 3107 128 3185; x_wconf 88' lang='lat' dir='ltr'>ponte</span> <span class='ocrx_word' id='word_1_238' title='bbox 151 3097 234 3161; x_wconf 92' lang='lat' dir='ltr'>enim</span> <span class='ocrx_word' id='word_1_239' title='bbox 259 3097 395 3160; x_wconf 90' lang='lat' dir='ltr'>rescisso</span> <span class='ocrx_word' id='word_1_240' title='bbox 416 3089 525 3182; x_wconf 77' lang='lat' dir='ltr'>regem</span> <span class='ocrx_word' id='word_1_241' title='bbox 546 3100 597 3162; x_wconf 88' lang='lat' dir='ltr'>vel</span> <span class='ocrx_word' id='word_1_242' title='bbox 618 3100 758 3162; x_wconf 87' lang='lat' dir='ltr'>hostium</span> <span class='ocrx_word' id='word_1_243' title='bbox 779 3099 863 3162; x_wconf 84' lang='lat' dir='ltr'>ferro</span> <span class='ocrx_word' id='word_1_244' title='bbox 884 3099 936 3162; x_wconf 88' lang='lat' dir='ltr'>vel</span> <span class='ocrx_word' id='word_1_245' title='bbox 957 3101 1063 3182; x_wconf 91' lang='lat' dir='ltr'>inopia</span> 
     </span>
     <span class='ocr_line' id='line_1_32' title="bbox 27 3188 1095 3278; baseline -0.003 -23"><span class='ocrx_word' id='word_1_246' title='bbox 27 3191 141 3278; x_wconf 88' lang='lat' dir='ltr'>paucis</span> <span class='ocrx_word' id='word_1_247' title='bbox 165 3188 277 3254; x_wconf 91' lang='lat' dir='ltr'>diebus</span> <span class='ocrx_word' id='word_1_248' title='bbox 298 3189 504 3253; x_wconf 89' lang='lat' dir='ltr'>interiturum.</span> <span class='ocrx_word' id='word_1_249' title='bbox 545 3189 669 3254; x_wconf 89' lang='lat' dir='ltr'>adhoc</span> <span class='ocrx_word' id='word_1_250' title='bbox 691 3189 857 3254; x_wconf 88' lang='lat' dir='ltr'>consilium</span> <span class='ocrx_word' id='word_1_251' title='bbox 880 3209 952 3252; x_wconf 92' lang='lat' dir='ltr'>cum</span> <span class='ocrx_word' id='word_1_252' title='bbox 969 3190 1062 3274; x_wconf 91' lang='lat' dir='ltr'>pleri-</span> <span class='ocrx_word' id='word_1_253' title='bbox 1080 3205 1095 3252; x_wconf 86' lang='lat'>5</span> 
     </span>
     <span class='ocr_line' id='line_1_33' title="bbox 28 3282 1063 3370; baseline 0 -22"><span class='ocrx_word' id='word_1_254' title='bbox 28 3307 92 3370; x_wconf 92' lang='lat' dir='ltr'>que</span> <span class='ocrx_word' id='word_1_255' title='bbox 107 3283 300 3360; x_wconf 88' lang='lat' dir='ltr'>accederent,</span> <span class='ocrx_word' id='word_1_256' title='bbox 314 3282 478 3348; x_wconf 89' lang='lat' dir='ltr'>Histiaeus</span> <span class='ocrx_word' id='word_1_257' title='bbox 488 3282 646 3360; x_wconf 89' lang='lat' dir='ltr'>Milesius,</span> <span class='ocrx_word' id='word_1_258' title='bbox 661 3305 701 3346; x_wconf 91' lang='lat' dir='ltr'>ne</span> <span class='ocrx_word' id='word_1_259' title='bbox 713 3303 764 3346; x_wconf 90' lang='lat' dir='ltr'>res</span> <span class='ocrx_word' id='word_1_260' title='bbox 780 3282 992 3362; x_wconf 88' lang='lat' dir='ltr'>conficeretur,</span> <span class='ocrx_word' id='word_1_261' title='bbox 1008 3283 1063 3348; x_wconf 93' lang='lat' dir='ltr'>ob-</span> 
     </span>
     <span class='ocr_line' id='line_1_34' title="bbox 28 3377 1060 3462; baseline -0.004 -18"><span class='ocrx_word' id='word_1_262' title='bbox 28 3379 110 3444; x_wconf 90' lang='lat' dir='ltr'>stitit</span> <span class='ocrx_word' id='word_1_263' title='bbox 122 3379 243 3444; x_wconf 87' lang='lat' dir='ltr'>dicens:</span> <span class='ocrx_word' id='word_1_264' title='bbox 262 3400 326 3444; x_wconf 89' lang='lat' dir='ltr'>non</span> <span class='ocrx_word' id='word_1_265' title='bbox 338 3377 423 3442; x_wconf 92' lang='lat' dir='ltr'>idem</span> <span class='ocrx_word' id='word_1_266' title='bbox 440 3377 528 3462; x_wconf 90' lang='lat' dir='ltr'>ipsis,</span> <span class='ocrx_word' id='word_1_267' title='bbox 547 3377 602 3460; x_wconf 91' lang='lat' dir='ltr'>qui</span> <span class='ocrx_word' id='word_1_268' title='bbox 616 3399 756 3442; x_wconf 91' lang='lat' dir='ltr'>summas</span> <span class='ocrx_word' id='word_1_269' title='bbox 769 3377 893 3462; x_wconf 91' lang='lat' dir='ltr'>imperii</span> <span class='ocrx_word' id='word_1_270' title='bbox 911 3387 1060 3455; x_wconf 87' lang='lat' dir='ltr'>tenerent,</span> 
     </span>
     <span class='ocr_line' id='line_1_35' title="bbox 29 3471 1062 3557; baseline -0.001 -17"><span class='ocrx_word' id='word_1_271' title='bbox 29 3471 179 3556; x_wconf 86' lang='lat' dir='ltr'>expedire</span> <span class='ocrx_word' id='word_1_272' title='bbox 201 3481 232 3536; x_wconf 89' lang='lat' dir='ltr'>et</span> <span class='ocrx_word' id='word_1_273' title='bbox 253 3471 459 3549; x_wconf 89' lang='lat' dir='ltr'>multitudini,</span> <span class='ocrx_word' id='word_1_274' title='bbox 482 3472 568 3556; x_wconf 89' lang='lat' dir='ltr'>quod</span> <span class='ocrx_word' id='word_1_275' title='bbox 589 3471 682 3536; x_wconf 88' lang='lat' dir='ltr'>Darii</span> <span class='ocrx_word' id='word_1_276' title='bbox 703 3493 802 3557; x_wconf 88' lang='lat' dir='ltr'>regno</span> <span class='ocrx_word' id='word_1_277' title='bbox 824 3471 965 3556; x_wconf 89' lang='lat' dir='ltr'>ipsorum</span> <span class='ocrx_word' id='word_1_278' title='bbox 982 3472 1062 3540; x_wconf 86' lang='lat' dir='ltr'>nite·</span> 
     </span>
     <span class='ocr_line' id='line_1_36' title="bbox 27 3567 1061 3653; baseline -0.004 -17"><span class='ocrx_word' id='word_1_279' title='bbox 27 3580 116 3636; x_wconf 86' lang='lat' dir='ltr'>retur</span> <span class='ocrx_word' id='word_1_280' title='bbox 137 3570 323 3648; x_wconf 89' lang='lat' dir='ltr'>dominatio;</span> <span class='ocrx_word' id='word_1_281' title='bbox 349 3591 412 3653; x_wconf 91' lang='lat' dir='ltr'>quo</span> <span class='ocrx_word' id='word_1_282' title='bbox 435 3569 589 3634; x_wconf 86' lang='lat' dir='ltr'>exstincto</span> <span class='ocrx_word' id='word_1_283' title='bbox 615 3569 701 3653; x_wconf 90' lang='lat' dir='ltr'>ipsos</span> <span class='ocrx_word' id='word_1_284' title='bbox 728 3576 883 3652; x_wconf 85' lang='lat' dir='ltr'>potestate</span> <span class='ocrx_word' id='word_1_285' title='bbox 910 3567 1061 3652; x_wconf 85' lang='lat' dir='ltr'>expulsos</span> 
     </span>
     <span class='ocr_line' id='line_1_37' title="bbox 30 3661 1062 3749; baseline -0.006 -19"><span class='ocrx_word' id='word_1_286' title='bbox 30 3664 153 3730; x_wconf 85' lang='lat' dir='ltr'>civibus</span> <span class='ocrx_word' id='word_1_287' title='bbox 173 3665 239 3730; x_wconf 90' lang='lat' dir='ltr'>suis</span> <span class='ocrx_word' id='word_1_288' title='bbox 257 3686 376 3749; x_wconf 89' lang='lat' dir='ltr'>poenas</span> <span class='ocrx_word' id='word_1_289' title='bbox 399 3663 536 3729; x_wconf 89' lang='lat' dir='ltr'>daturos.</span> <span class='ocrx_word' id='word_1_290' title='bbox 572 3661 679 3747; x_wconf 88' lang='lat' dir='ltr'>itaque</span> <span class='ocrx_word' id='word_1_291' title='bbox 701 3662 781 3727; x_wconf 89' lang='lat' dir='ltr'>adeo</span> <span class='ocrx_word' id='word_1_292' title='bbox 804 3683 838 3726; x_wconf 92' lang='lat' dir='ltr'>se</span> <span class='ocrx_word' id='word_1_293' title='bbox 857 3661 1024 3727; x_wconf 88' lang='lat' dir='ltr'>abhorrere</span> <span class='ocrx_word' id='word_1_294' title='bbox 1042 3684 1062 3724; x_wconf 91' lang='lat' dir='ltr'>a</span> 
     </span>
     <span class='ocr_line' id='line_1_38' title="bbox 30 3756 1062 3842; baseline -0.009 -18"><span class='ocrx_word' id='word_1_295' title='bbox 30 3767 207 3824; x_wconf 90' lang='lat' dir='ltr'>ceterorum</span> <span class='ocrx_word' id='word_1_296' title='bbox 225 3758 363 3835; x_wconf 88' lang='lat' dir='ltr'>consilio,</span> <span class='ocrx_word' id='word_1_297' title='bbox 386 3766 423 3822; x_wconf 92' lang='lat' dir='ltr'>ut</span> <span class='ocrx_word' id='word_1_298' title='bbox 438 3757 517 3822; x_wconf 90' lang='lat' dir='ltr'>nihil</span> <span class='ocrx_word' id='word_1_299' title='bbox 533 3765 624 3842; x_wconf 89' lang='lat' dir='ltr'>putet</span> <span class='ocrx_word' id='word_1_300' title='bbox 640 3757 718 3841; x_wconf 91' lang='lat' dir='ltr'>ipsis</span> <span class='ocrx_word' id='word_1_301' title='bbox 737 3756 854 3833; x_wconf 65' lang='lat' dir='ltr'>utilius</span> <span class='ocrx_word' id='word_1_302' title='bbox 874 3776 969 3839; x_wconf 92' lang='lat' dir='ltr'>quam</span> <span class='ocrx_word' id='word_1_303' title='bbox 988 3775 1062 3816; x_wconf 90' lang='lat' dir='ltr'>con-</span> 
     </span>
     <span class='ocr_line' id='line_1_39' title="bbox 28 3845 1095 3936; baseline -0.007 -19"><span class='ocrx_word' id='word_1_304' title='bbox 28 3852 151 3918; x_wconf 86' lang='lat' dir='ltr'>firmari</span> <span class='ocrx_word' id='word_1_305' title='bbox 167 3870 301 3936; x_wconf 84' lang='lat' dir='ltr'>regnum</span> <span class='ocrx_word' id='word_1_306' title='bbox 314 3851 494 3916; x_wconf 90' lang='lat' dir='ltr'>Persarum.</span> <span class='ocrx_word' id='word_1_307' title='bbox 521 3851 616 3914; x_wconf 87' lang='lat' dir='ltr'>huius</span> <span class='ocrx_word' id='word_1_308' title='bbox 639 3873 712 3915; x_wconf 91' lang='lat' dir='ltr'>cum</span> <span class='ocrx_word' id='word_1_309' title='bbox 731 3849 917 3916; x_wconf 89' lang='lat' dir='ltr'>sententiam</span> <span class='ocrx_word' id='word_1_310' title='bbox 934 3845 1061 3932; x_wconf 89' lang='lat' dir='ltr'>plurimi</span> <span class='ocrx_word' id='word_1_311' title='bbox 1080 3863 1095 3910; x_wconf 84' lang='grc'><strong>6</strong></span> 
     </span>
     <span class='ocr_line' id='line_1_40' title="bbox 29 3939 1161 4024; baseline -0.006 -11"><span class='ocrx_word' id='word_1_312' title='bbox 29 3954 141 4013; x_wconf 89' lang='lat' dir='ltr'>essent</span> <span class='ocrx_word' id='word_1_313' title='bbox 155 3945 263 4023; x_wconf 89' lang='lat' dir='ltr'>secuti,</span> <span class='ocrx_word' id='word_1_314' title='bbox 282 3943 453 4024; x_wconf 89' lang='lat' dir='ltr'>Miltiades,</span> <span class='ocrx_word' id='word_1_315' title='bbox 472 3967 537 4010; x_wconf 91' lang='lat' dir='ltr'>non</span> <span class='ocrx_word' id='word_1_316' title='bbox 554 3943 701 4008; x_wconf 89' lang='lat' dir='ltr'>dubitans</span> <span class='ocrx_word' id='word_1_317' title='bbox 720 3953 785 4007; x_wconf 88' lang='lat' dir='ltr'>tarn</span> <span class='ocrx_word' id='word_1_318' title='bbox 802 3941 908 4007; x_wconf 89' lang='lat' dir='ltr'>multis</span> <span class='ocrx_word' id='word_1_319' title='bbox 927 3939 1060 4006; x_wconf 86' lang='lat' dir='ltr'>consciis</span> <span class='ocrx_word' id='word_1_320' title='bbox 1156 3995 1161 4006; x_wconf 75' lang='grc'>.</span> 
     </span>
    </p>
   </div>
   <div class='ocr_carea' id='block_1_3' title="bbox 29 4033 1061 4188">
    <p class='ocr_par' dir='ltr' id='par_1_4' title="bbox 29 4033 1061 4188">
     <span class='ocr_line' id='line_1_41' title="bbox 29 4033 1061 4126; baseline -0.008 -20"><span class='ocrx_word' id='word_1_321' title='bbox 29 4040 74 4106; x_wconf 91' lang='lat' dir='ltr'>ad</span> <span class='ocrx_word' id='word_1_322' title='bbox 90 4039 176 4126; x_wconf 86' lang='lat' dir='ltr'>regis</span> <span class='ocrx_word' id='word_1_323' title='bbox 194 4061 285 4106; x_wconf 89' lang='lat' dir='ltr'>aures</span> <span class='ocrx_word' id='word_1_324' title='bbox 300 4039 431 4106; x_wconf 90' lang='lat' dir='ltr'>consilia</span> <span class='ocrx_word' id='word_1_325' title='bbox 445 4063 503 4106; x_wconf 91' lang='lat' dir='ltr'>sua</span> <span class='ocrx_word' id='word_1_326' title='bbox 519 4046 716 4124; x_wconf 83' lang='lat' dir='ltr'>perventura,</span> <span class='ocrx_word' id='word_1_327' title='bbox 737 4035 972 4102; x_wconf 84' lang='lat' dir='ltr'>Chersonesum</span> <span class='ocrx_word' id='word_1_328' title='bbox 989 4033 1061 4100; x_wconf 92' lang='lat' dir='ltr'>reli·</span> 
     </span>
     <span class='ocr_line' id='line_1_42' title="bbox 812 4136 845 4188; baseline 0 -22"><span class='ocrx_word' id='word_1_329' title='bbox 812 4136 828 4188; x_wconf 83' lang='lat'>1</span> <span class='ocrx_word' id='word_1_330' title='bbox 834 4139 845 4166; x_wconf 67' lang='lat' dir='ltr'><strong><em>t</em></strong></span> 
     </span>
    </p>
   </div>
   <div class='ocr_carea' id='block_1_4' title="bbox 0 0 1370 4722">
    <p class='ocr_par' dir='ltr' id='par_1_5' title="bbox 0 0 1370 4722">
     <span class='ocr_line' id='line_1_43' title="bbox 0 0 1370 4722; baseline 0 3"><span class='ocrx_word' id='word_1_331' title='bbox 0 0 1370 4722; x_wconf 95' lang='lat' dir='ltr'> </span> 
     </span>
    </p>
   </div>
  </div>
 </body>
</html>
