2758 4726
351 260 385 313 T.
398 257 619 316 POMPONIUS
632 258 802 319 Arctous.
1045 253 1087 318 85

118 376 163 439 Π.
190 373 286 439 Pater
303 381 424 438 mature
437 373 581 438 decessit.
608 373 677 458 ipse
695 361 943 442 adolescentulus
961 388 1119 465 proptera

66 467 252 532 affinitatem
268 465 306 529 P.
327 463 473 549 Sulpicii,
497 465 551 548 qui
568 465 711 530 tribunus
727 465 814 552 plebi
830 468 1009 537 interfectus
1027 482 1084 549 est,

64 581 129 624 non
146 580 258 644 expers
275 558 336 623 fuit
353 559 437 622 illius
454 558 592 642 periculi.
618 581 755 642 namque
772 558 901 637 Anicia,
919 561 1085 646 Pomponii

64 651 265 729 consobrina,
288 661 438 737 nupserat
457 649 535 736 [M]
556 649 681 729 Servio,
704 653 793 716 fratri
812 651 954 738 Sulpicii.
980 656 1118 739 itaquae

63 746 225 811 interfecto
254 743 408 830 Sulpicio,
439 753 645 829 posteaquam
671 747 750 810 vidit
777 745 921 810 Cinnano
952 749 1086 812 tumultu

63 839 221 904 unitatem
239 859 309 902 esse
326 837 539 922 perturbatam
551 859 653 921 neque
668 838 728 904 sibi
745 839 813 902 dari
830 839 1012 904 facultatem
1027 863 1085 924 pro

62 933 214 1018 dignitate
231 933 367 1008 vivendi,
390 933 467 1014 quin
484 932 663 1000 alterutram
680 942 802 1017 partem
821 934 1002 1012 offenderet,
1021 935 1085 1000 dis·
1146 945 1149 954 ⁸

63 1026 189 1091 sociatis
212 1026 323 1090 animis
346 1025 476 1101 civium,
504 1046 577 1089 cum
598 1025 652 1089 alii
675 1024 827 1104 Sullanis,
855 1027 908 1091 alii
932 1026 1083 1092 Cinnanis

62 1118 206 1183 faverent
229 1116 385 1202 partibus,
418 1117 566 1181 idoneum
591 1126 715 1204 tempus
740 1127 827 1182 ratus
854 1119 965 1184 studiis
993 1120 1084 1185 obse-
1162 1173 1165 1187 .

62 1212 178 1295 quendi
196 1212 277 1287 suis,
295 1209 439 1274 Athenas
463 1232 497 1274 se
515 1209 653 1274 contulit.
684 1232 785 1294 neque
804 1234 841 1276 eo
859 1213 961 1277 secius
979 1213 1084 1278 adole-

60 1313 201 1370 scentem
221 1303 375 1380 Marium,
402 1303 525 1367 hostem
549 1304 746 1380 iudicatum,
764 1304 843 1368 iuvit
867 1305 979 1389 opibus
1006 1307 1082 1382 suis,

59 1399 150 1464 cuius
173 1397 284 1485 fugam
305 1397 437 1483 pecunia
460 1397 643 1462 sublevavit.
680 1419 718 1460 ac
739 1419 778 1460 ne
800 1397 854 1461 illa
875 1397 1082 1482 peregrinatio
1102 1415 1117 1460 s

59 1491 281 1556 detrimentum
295 1490 422 1573 aliquod
435 1490 559 1554 afferret
570 1489 615 1554 rei
629 1489 789 1567 familiari,
798 1491 919 1580 ⁴*eodem
936 1513 1084 1576 magnam

8 1623 11 1646 ,ι
57 1592 181 1668 partem
199 1584 395 1648 fortunarum
417 1583 537 1646 traiecit
555 1605 690 1646 suarum.
721 1583 773 1647 hio
790 1583 835 1646 ita
852 1584 943 1661 vixit,
962 1593 997 1646 ut
1013 1584 1083 1647 uni-

9 1717 11 1739 2
57 1676 161 1740 versis
178 1674 426 1740 Atheniensibus
449 1676 559 1742 merito
581 1685 665 1741 esset
682 1676 872 1742 carissimus.
902 1699 977 1740 nam
993 1699 1082 1761 prae-
1100 1694 1117 1739 4

8 1813 14 1836 ,2
57 1776 108 1830 ter
123 1768 267 1852 gratiam,
286 1790 367 1850 quae
383 1769 447 1832 iam
463 1769 497 1832 in
514 1768 746 1834 adolescentulo
763 1792 880 1855 magna
894 1778 968 1847 erat,
988 1791 1082 1854 saepe

8 1872 12 1929 ἰ
58 1860 126 1924 suis
144 1860 258 1945 opibus
279 1862 416 1946 inopiam
439 1884 548 1927 eorum
567 1861 728 1948 publicam
749 1863 876 1930 levavit.
907 1886 981 1928 cum
998 1863 1082 1927 enim

8 1963 18 2021 t
57 1975 221 2019 versuram
242 1953 347 2020 facere
362 1955 489 2041 publice
506 1977 636 2020 necesse
653 1965 750 2034 esset,
768 1979 871 2040 neque
889 1957 956 2022 eius
974 1956 1082 2022 condi-

8 2076 18 2113 τ
58 2047 176 2112 tionem
194 2069 329 2132 aequam
341 2047 503 2122 haberent,
522 2069 646 2129 semper
665 2069 699 2110 se
715 2049 909 2130 interposuit,
928 2059 1021 2130 atque
1038 2049 1082 2111 ita

8 2169 16 2206 z·
54 2149 92 2204 ut
108 2162 212 2224 neque
228 2161 358 2204 usuram
370 2146 523 2219 umquam
536 2137 575 2200 ab
592 2137 643 2198 his
658 2139 811 2218 acceperit
827 2159 929 2218 neque
945 2139 1080 2220 longius,

7 2241 13 2299 ·.⁵
55 2254 154 2317 quam
176 2232 296 2294 dictum
318 2236 415 2304 esset,
443 2226 557 2292 debere
582 2247 696 2311 passus
719 2227 768 2290 sit.
804 2227 889 2310 quod
913 2235 1114 2309 utrumqueo

55 2332 126 2388 erat
149 2321 202 2384 his
229 2320 374 2384 salutare.
409 2341 483 2382 nam
509 2339 611 2401 neque
637 2318 829 2404 indulgendo
855 2318 1081 2384 inveterascere

56 2436 168 2479 eorum
181 2435 235 2478 aes
249 2413 386 2477 alienum
403 2411 580 2497 patiebatur
596 2432 699 2496 neque
716 2413 959 2498 multiphcandis
976 2414 1081 2480 usuris

54 2528 206 2571 crescere.
233 2505 321 2569 auxit
336 2505 397 2570 hoc
414 2504 555 2570 officium
573 2506 634 2569 alia
647 2527 773 2590 quoque
789 2506 984 2574 liberalitate.
1006 2531 1081 2572 nam
1099 2527 1113 2573 s
1191 2501 1195 2506 ’

53 2599 219 2664 universos
241 2597 396 2662 frumento
414 2598 557 2675 donavit,
579 2599 624 2662 ita
641 2608 676 2662 ut
694 2600 826 2685 singulis
846 2609 966 2683 septem
984 2601 1082 2664 modii

53 2692 149 2756 tritici
166 2691 327 2768 darentur3
350 2691 404 2774 qui
425 2691 538 2754 modus
561 2711 726 2754 mensurae
749 2691 926 2755 medimnus
944 2689 1079 2756 Athenis

54 2783 238 2870 appellatur.

105 2876 169 2942 ΠΙ.
199 2876 265 2941 Hic
286 2883 392 2940 autem
410 2874 456 2937 sic
478 2895 512 2939 se
535 2873 678 2959 gerebat,
700 2885 736 2940 ut
758 2878 931 2943 communis
952 2877 1077 2955 infimis,
1099 2899 1114 2946 1

38 2968 113 3054 'par
127 2967 322 3055 principibus
339 2967 505 3030 videretur.
533 2987 596 3049 quo
614 2967 734 3032 factum
751 2978 808 3046 est,
827 2979 862 3032 ut
879 2971 952 3034 huic
970 2993 1079 3036 omnes

55 3062 200 3140 honores,
219 3083 299 3146 quos
316 3067 461 3144 possent,
483 3057 608 3142 publice
625 3059 777 3123 haberent
794 3061 957 3142 civemque
975 3062 1080 3125 facere

56 3156 231 3233 studerent,
252 3175 315 3238 quo
333 3152 485 3218 beneficio
503 3152 554 3216 ille
576 3152 623 3216 uti
639 3151 753 3228 noluit,
776 3152 861 3234 quod
878 3153 1020 3218 nonnulli
1036 3153 1080 3221 ita

54 3252 313 3336 interpretantur,
346 3247 446 3312 amitti
476 3246 633 3311 civitatem
663 3245 839 3310 Romanam
878 3245 941 3311 alia
970 3247 1078 3312 ascita.

56 3344 206 3426 quamdin
223 3343 322 3420 affuit,
340 3363 380 3406 ne
398 3363 461 3426 qua
478 3340 539 3406 sibi
556 3349 659 3405 statua
676 3349 856 3425 poneretur,
874 3341 1001 3420 restitit3
1024 3340 1079 3406 ab·
1097 3360 1112 3408 2

57 3459 132 3503 sens
153 3435 317 3522 prohibere
338 3457 403 3500 non
423 3435 534 3520 potuit.
565 3435 671 3518 itaque
689 3435 807 3519 aliquot
828 3435 890 3521 ipsi
912 3445 943 3500 et
959 3435 1080 3500 Midiae

55 3531 133 3596 locis
153 3529 357 3596 sanctissimis
374 3537 559 3614 posuerunt:
577 3528 663 3593 hunc
680 3529 764 3593 enim
780 3528 814 3592 in
831 3529 917 3594 omni
933 3551 1080 3616 procura-

56 3627 140 3692 tione
157 3624 363 3710 reipublicae
381 3631 520 3687 actorem
541 3632 761 3706 auctoremque
785 3623 953 3690 habebant.
983 3625 1079 3709 igitur
1097 3639 1113 3684 s

56 3720 193 3806 primum
217 3717 295 3782 illud
321 3737 435 3780 munus
460 3714 619 3792 fortunae,
647 3717 733 3798 quod
757 3716 791 3779 in
817 3737 855 3780 ea
879 3715 1079 3798 potissimum

57 3812 134 3878 urbe
154 3821 247 3878 natus
274 3819 334 3887 est,
360 3809 395 3873 in
416 3829 479 3891 qua
499 3805 690 3870 domicilium
712 3803 796 3869 orbis
822 3815 973 3870 terrarum
995 3813 1079 3868 esset

58 3905 193 3993 imperii,
219 3913 254 3970 ut
276 3904 407 3970 eandem
428 3911 460 3967 et
483 3899 617 3986 patriam
641 3897 771 3962 haberet
792 3905 824 3961 et
849 3898 991 3973 domum,
1018 3895 1078 3958 hoc

58 4001 217 4088 specimen
232 3998 425 4086 prudentiae,
444 3995 538 4082 quod,
557 4017 629 4060 cum
646 3993 680 4058 in
697 4014 767 4058 eam
785 4012 820 4058 so
833 3989 990 4056 civitatem
1004 4010 1078 4054 con-
