2732 4722
376 265 378 274 ⁴
471 261 667 318 narniens.
1038 253 1082 318 43

36 403 190 468 magnus
212 389 297 446 esset
318 376 503 455 concursus,
529 377 591 442 fuit
607 399 672 442 non
692 399 799 454 nemo,
824 381 879 460 qui
896 389 1081 467 agnosceret

51 476 184 559 Thuym
205 474 337 560 regique
358 471 524 536 nuntiaret
551 471 655 555 primo
676 493 742 536 non
767 473 944 538 accredidit.
923 475 1115 557 titaquea

50 566 310 634 Pharnabazum
321 565 408 630 misit
433 564 639 668 exploratum.
674 588 695 630 a
715 587 779 648 quo
806 574 933 630 utrem
958 577 1080 651 gestam

50 660 213 746 comperit,
233 659 339 724 statim
356 657 504 724 admitti
483 631 618 765 iussit,
615 680 807 744 magnopere
825 658 997 724 delectatus
1014 668 1082 724 tum

50 756 147 832 facto,
165 763 234 818 tum
251 761 376 829 ornatu3
393 751 563 858 inprimis,
582 752 668 834 quod
684 751 798 817 nobilis
816 774 873 818 rex
895 751 929 816 in
944 759 1082 838 potesta-

50 859 117 912 tem
134 846 307 932 inopinanti
323 853 460 910 venerat.
490 843 597 928 itaque
618 844 785 930 magnifice
803 844 965 910 Datamen
983 845 1081 910 dona-
1099 861 1114 909 ιι

51 952 120 1006 tum
138 940 179 1006 ad
191 939 362 1006 exercitum
374 937 469 1015 misit,
487 937 542 1020 qui
555 946 623 1003 tum
636 938 878 1006 contrahebatur
891 940 972 1005 dnos
981 938 1083 1006 Phar-

51 1034 174 1100 nabazo
192 1043 224 1098 et
242 1032 423 1098 Tithrauste
440 1031 482 1098 ad
498 1031 617 1096 bellum
634 1030 840 1118 Aegyptium,
858 1033 990 1118 parique
1009 1056 1082 1098 eum

52 1137 150 1210 atque
164 1127 233 1192 illos
251 1126 382 1211 imperio
400 1145 471 1190 esse
488 1125 589 1190 iussit.
615 1135 727 1208 postea
743 1147 818 1190 vero
836 1149 931 1209 quam
939 1126 1082 1192 Pharna-

52 1221 169 1285 bazum
185 1242 242 1284 rex
258 1219 428 1295 revocavit,
445 1217 493 1282 illi
510 1239 635 1282 summa
651 1217 775 1300 imperii
792 1221 904 1286 tradita
922 1231 1004 1286 sunt.
1120 1301 1123 1306 ,

103 1312 162 1378 IV.
203 1313 268 1378 Hic
295 1334 368 1376 cum
393 1311 532 1376 maximo
559 1309 664 1374 studio
690 1321 884 1394 compararet
910 1315 1114 1378 exercitumr

50 1407 300 1493 Aegyptumque
313 1404 470 1490 proficisci
482 1413 616 1488 pararet,
636 1402 740 1468 subito
754 1427 773 1468 a
786 1426 861 1490 rege
874 1405 994 1470 litterae
1009 1415 1082 1469 sunt

49 1501 82 1564 ei
98 1500 226 1577 missae,
245 1508 281 1564 ut
289 1497 406 1584 Aspim
424 1497 656 1582 aggrederetur,
675 1497 730 1580 qui
740 1495 926 1562 Cataoniam
940 1499 1080 1564 tenebat:

47 1603 135 1676 quae
161 1615 239 1678 gens
265 1593 348 1658 iacet
379 1613 475 1676 supra
502 1589 660 1668 Ciliciam,
692 1592 823 1657 confinis
848 1592 1079 1678 Cappadociae.
1142 1606 1145 1617 ¹

19 1733 22 1769 :
46 1707 189 1767 namque
206 1684 307 1769 Aspis
329 1685 501 1750 salbrosam
521 1685 682 1770 regionem
704 1686 903 1769 castellisque
925 1688 1079 1752 munitam
1098 1702 1113 1749 a

19 1825 21 1864 3
45 1777 193 1844 incolens
210 1799 275 1844 non
291 1777 393 1844 solnm
413 1778 544 1864 imperio
560 1779 645 1864 regis
663 1801 727 1844 non
743 1779 889 1864 parebat,
909 1782 967 1846 sed
985 1782 1079 1846 etiam

19 1920 23 1957 s
46 1871 201 1936 finitimas
219 1871 364 1957 regiones
378 1871 513 1938 vexabat
530 1882 571 1950 et,
590 1895 673 1956 quae
685 1874 754 1958 regi
770 1883 977 1959 portarentur,
997 1874 1080 1940 abri-

19 2016 26 2051 ζ
47 1965 166 2051 piabat.
197 1965 365 2044 Datames,
389 1967 449 2032 etsi
469 1967 563 2053 longe
581 1967 690 2032 aberat
712 1967 752 2032 ab
774 1968 824 2035 his
845 1968 1027 2054 regionibus
1047 1978 1112 2036 ete

19 2087 28 2144 p
47 2083 69 2123 a
87 2059 204 2124 maiora
225 2081 259 2124 re
281 2058 534 2137 abstrahebatur,
557 2070 665 2124 tamen
681 2061 766 2144 regis
784 2062 937 2126 voluntati
958 2085 1079 2128 morem

19 2197 32 2235 λ.
46 2152 223 2236 gerendum
240 2153 372 2235 putavit.
403 2153 511 2233 itaque
533 2173 605 2216 cum
621 2153 747 2236 paucis,
767 2153 824 2216 sed
840 2154 915 2218 viris
933 2154 1077 2232 fortibus,

19 2291 24 2329 ,3
44 2267 165 2310 navem
182 2244 379 2320 conscendit,
411 2244 610 2321 existimans,
637 2245 724 2326 quod
745 2245 871 2322 accidit,
899 2245 1022 2310 facilius
1046 2268 1080 2310 se

19 2337 285 2424 ,imprudentem
309 2359 408 2422 parva
433 2359 530 2402 manu
561 2359 786 2422 oppressurum
814 2360 909 2420 quam
934 2348 1079 2424 paratum

20 2479 22 2486 .
42 2429 197 2513 quamvis
214 2444 330 2514 magno
348 2429 495 2494 exercitu
522 2430 582 2494 hac
599 2431 721 2496 delatus
738 2432 772 2496 in
790 2430 948 2511 Ciliciam,
971 2446 1113 2520 egres-4

45 2544 104 2588 sus
121 2522 206 2600 inde,
226 2522 294 2588 dies
311 2531 482 2606 noctesque
499 2523 559 2588 iter
575 2523 706 2603 faciens,
726 2525 867 2590 Taurum
884 2527 1007 2592 transiit
1025 2551 1078 2594 eo-

44 2637 119 2698 que,
138 2637 202 2699 quo
220 2616 392 2693 studuerat,
410 2617 509 2694 renit3
526 2618 657 2700 quaerit,
676 2619 790 2700 quibus
807 2619 886 2686 locis
904 2621 946 2686 sit
961 2619 1077 2703 Aspis3

46 2709 221 2794 cognoscit,
238 2709 325 2774 haud
341 2709 436 2795 longe
449 2710 563 2774 abesse
574 2710 814 2796 profectumque
828 2734 901 2776 eum
918 2721 1076 2778 venatum.

47 2803 228 2883 quaedum
250 2802 444 2888 speculatur,
468 2805 622 2870 adventus
644 2805 712 2870 eius
735 2827 849 2870 caussa
866 2805 1074 2892 cognoscitur.

46 2893 174 2960 Pisidas
199 2918 273 2962 cum
297 2897 351 2974 iis,
379 2919 460 2980 quos
487 2919 595 2964 secum
620 2898 770 2976 habebat,
798 2900 840 2964 ad
864 2900 1075 2970 resistendum

45 2987 151 3070 Aspis
176 3000 344 3075 comparat.
379 2991 414 3056 id
434 2989 589 3058 Datames
611 2992 667 3058 ubi
693 2994 827 3070 audivit,
854 3017 943 3060 mma
968 2995 1073 3071 sumit,
1093 3003 1109 3050 5

46 3101 128 3144 suos
146 3083 235 3165 sequi
254 3083 352 3162 iubet3
375 3085 544 3172 ipsaeque
562 3087 716 3152 concitato
738 3087 779 3150 ad
795 3087 920 3150 hostem
941 3086 1074 3150 vehitur.

46 3197 144 3258 quem
165 3177 276 3260 procul
291 3177 390 3264 Aspis
413 3180 610 3264 conspiciens
632 3179 674 3244 ad
696 3199 730 3242 se
752 3178 906 3242 serentem
927 3177 1074 3261 pertime-

47 3269 107 3332 scit
120 3278 216 3353 atque
228 3295 249 3336 a
261 3281 375 3338 conatu
386 3273 554 3340 resistendi
566 3273 732 3338 deterritus
751 3293 821 3336 sese
838 3269 967 3335 dedidit.
989 3269 1074 3334 hunc

46 3361 202 3430 Datames
220 3366 360 3432 vinctum
377 3368 420 3433 ad
435 3390 545 3454 regem
562 3368 741 3434 ducendum
757 3367 852 3432 tradit
868 3365 1055 3432 Mithridati.

98 3454 139 3521 V.
173 3457 266 3524 Haec
291 3461 368 3526 dum
397 3471 562 3548 geruntur,
589 3461 784 3528 Ancaeum
809 3462 1027 3540 reminiscens,
1054 3469 1106 3528 al

45 3559 163 3630 quanto
181 3551 264 3618 bello
282 3555 324 3620 ad
341 3577 436 3640 quam
453 3579 585 3642 parvam
600 3579 668 3622 rem
689 3557 863 3642 principem
881 3557 997 3624 ducum
1014 3557 1074 3624 mi·

45 3643 147 3723 sisset,
168 3668 202 3728 se
219 3647 289 3732 ipse
306 3649 506 3734 reprehendit
523 3659 555 3714 at
570 3651 715 3716 nuntium
732 3651 774 3716 ad
791 3651 963 3716 exercitum
979 3650 1073 3716 Acen

43 3737 137 3815 misit,
156 3741 244 3822 quod
260 3744 401 3808 nondum
417 3743 580 3810 Datamen
596 3745 772 3830 profectum
789 3755 847 3828 put
834 3744 921 3810 ttaba
908 3742 1009 3826 t,qui
1026 3741 1073 3806 di·

43 3841 140 3908 cerat,
164 3855 205 3897 ne
223 3833 264 3900 ab
283 3838 422 3902 exercitu
387 3839 623 3904 tdisoederet.
654 3840 706 3904 hic
726 3839 912 3942 prinsquam
928 3833 1072 3943 perveni·

41 3931 104 3999 ret,
131 3945 194 4006 qno
216 3939 284 3994 erat
305 3931 517 4015 profectus,
507 3956 541 3997 m
566 3933 675 3996 itinere
698 3929 858 4004 convenit,
884 3949 940 4010 qur
929 3925 1072 4013 'Aspim

39 4014 207 4086 ducebant.
235 4044 299 4108 qua
316 4025 473 4094 celeritate
491 4047 564 4094 cum
581 4047 731 4112 magnam
752 4020 1004 4092 benevolentiam
1020 4045 1070 4090 re·
1089 4043 1105 4092 a
