2732 4722
284 231 305 300 8
613 235 798 313 conusnn
816 236 983 296 unrorrs

250 380 264 428 1
336 357 399 422 ΙΠ.
426 355 534 422 Huius
558 353 725 420 consilium
745 353 905 439 plerisque
928 351 1105 418 civitatibus
1129 351 1330 438 displicebat

283 453 365 518 etin
382 461 464 516 terra
477 449 626 514 dimicare
641 447 743 534 magis
761 447 915 531 placebat.
942 447 1047 532 itaque
1065 445 1156 510 missi
1173 456 1252 512 sunt
1267 449 1328 513 de-

282 547 355 612 lecti
373 569 446 610 cum
462 543 618 620 Leonida,
636 542 961 608 Lacedaemoniorum
979 563 1069 628 rege,
1087 541 1142 624 qui
1159 541 1327 608 Thermo-

282 640 373 726 pylas
392 645 582 724 occuparent
598 636 787 722 longiusque
809 634 960 702 barbaros
977 636 1126 722 progredi
1141 658 1207 700 non
1227 647 1326 722 pate-

282 743 398 800 rentur.
426 733 459 796 hi
472 732 537 798 vim
550 730 688 795 hostium
702 752 766 795 non
779 730 994 795 sustinuerunt
1007 752 1107 814 eoque
1120 729 1190 796 loco
1203 752 1325 798 omnes

249 850 264 896 a
282 829 474 894 interierunt.
501 835 534 890 at
551 824 661 890 classis
680 824 855 890 communis
866 823 1019 890 Graeciae
1036 833 1246 892 trecentarum
1261 849 1327 892 nae

282 923 379 1000 vium,
398 922 431 985 in
449 942 512 1004 qua
529 919 682 984 ducentae
701 928 789 983 erant
801 917 1055 997 Atheniensium,
1073 920 1211 1006 primum
1228 921 1325 1006 apud

281 1015 490 1082 Artemisium
511 1013 592 1078 inter
612 1011 781 1078 Euboeam
803 1013 1076 1098 continentemque
1102 1015 1218 1078 terram
1242 1037 1324 1080 cum

283 1108 451 1175 classiariis
477 1107 562 1194 regis
589 1107 737 1172 conflixit.
782 1107 944 1193 angustias
971 1107 1056 1172 enirn
1082 1106 1323 1174 Themistocles

249 1227 264 1273 3
283 1202 462 1287 quaerebat,
481 1223 521 1266 ne
536 1200 735 1266 multitudine
750 1201 972 1268 circumiretur.
999 1201 1051 1268 hic
1064 1202 1124 1268 etsi
1140 1201 1210 1287 pari
1222 1225 1326 1288 proe-

281 1297 324 1362 lio
342 1297 561 1373 discesserant,
581 1305 686 1360 tamen
704 1294 816 1360 eodem
833 1295 902 1361 loco
920 1318 983 1362 non
998 1304 1071 1361 sunt
1087 1295 1158 1360 ausi
1175 1318 1322 1375 manere,

284 1391 453 1474 quoderat
474 1389 662 1475 periculum,
689 1411 744 1468 ne,
773 1389 801 1454 si
822 1413 896 1476 pars
914 1390 1043 1455 navium
1061 1389 1325 1456 adversariorum

248 1484 449 1553 4Eubceam
473 1492 666 1569 superasset,
690 1483 818 1570 ancipiti
839 1494 1052 1570 premerentur
1068 1483 1217 1570 periculo.
1252 1506 1324 1568 quo

283 1578 403 1643 factum
429 1587 491 1654 est,
519 1587 555 1642 ut
577 1578 616 1642 ab
635 1575 808 1643 Artemisio
830 1579 1027 1644 discederent
1049 1588 1080 1643 et
1102 1579 1324 1644 exadversum

281 1670 427 1736 Athenas
446 1672 532 1756 apud
551 1669 712 1738 Salamina
731 1671 864 1736 classem
883 1695 974 1736 suam
993 1673 1224 1739 constituerent.

249 1789 262 1834 1
333 1764 393 1830 IV.
425 1763 472 1828 At
488 1765 616 1830 Xerxes
636 1763 856 1844 Thermopylis
880 1767 1069 1847 expugnatis
1090 1767 1233 1850 protinus
1264 1790 1326 1832 ae-

282 1861 378 1924 cessit
401 1870 472 1924 astu
493 1860 587 1940 idque
609 1855 702 1918 nullis
726 1853 980 1928 defendentibus,
1007 1857 1180 1922 interfectis
1209 1881 1328 1926 sacer-

247 1953 423 2030 odoribus,
450 1973 528 2033 quos
551 1951 584 2011 in
602 1969 673 2011 arce
695 1948 868 2023 invenerat,
894 1946 1039 2010 incendio
1061 1947 1186 2016 delevit.
1220 1956 1329 2020 cuius

282 2049 409 2114 flamma
429 2039 584 2126 perterriti
605 2039 758 2103 classiarii
780 2060 854 2104 cum
875 2061 1002 2104 manere
1024 2062 1086 2106 non
1108 2043 1264 2110 auderent
1284 2059 1333 2112 et

279 2135 405 2224 plurimi
422 2134 626 2212 hortarentur,
645 2141 681 2198 ut
698 2134 809 2199 domos
828 2157 902 2200 suas
916 2133 1111 2200 discederent
1127 2135 1332 2202 moenibus-

280 2253 342 2314 que
361 2253 395 2296 se
414 2229 630 2312 defenderent,
650 2227 881 2295 Themistocles
904 2251 986 2294 unus
1004 2230 1116 2294 restitit
1137 2239 1168 2294 et
1184 2229 1331 2294 univer-

281 2346 334 2389 sos
352 2348 444 2410 pares
459 2348 529 2390 esse
543 2348 639 2410 posse
654 2324 767 2401 aiebat,
786 2324 945 2412 dispersos
960 2322 1132 2388 testabatur
1144 2322 1325 2414 perituroS,

278 2418 373 2500 idque
382 2417 568 2500 Eurybiadi,
586 2417 655 2502 regi
663 2417 998 2492 Lacedaemoniorum,
1017 2417 1153 2499 quitum
1168 2438 1323 2481 summae

247 2530 262 2576 3
280 2509 404 2594 imperii
420 2518 572 2594 praeerat,
592 2509 659 2572 fore
678 2507 864 2572 affirmabat.
892 2529 987 2589 quem
1005 2530 1079 2572 cum
1096 2510 1201 2574 minus
1215 2530 1320 2592 quam

279 2601 375 2668 vellet
391 2610 545 2678 moveret,
568 2610 663 2665 noctu
681 2601 720 2664 de
743 2599 842 2664 servis
867 2601 932 2664 suis
951 2622 1045 2685 quem
1067 2601 1178 2668 habuit
1194 2602 1320 2668 fidelis-

281 2697 397 2761 simum
415 2695 456 2760 ad
472 2716 581 2780 regem
598 2693 693 2770 misit,
711 2703 746 2756 ut
764 2693 794 2758 ei
806 2693 963 2758 nuntiaret
981 2695 1048 2759 suis
1066 2695 1181 2773 verbis,
1201 2696 1321 2762 adver-

245 2809 262 2856 4
282 2791 380 2854 sarios
399 2790 466 2854 eius
485 2789 518 2852 in
536 2787 614 2874 fuga
632 2809 716 2852 esset
735 2787 789 2871 qui
808 2787 835 2852 si
853 2788 1082 2867 discessissent,
1101 2790 1219 2856 maiore
1237 2812 1318 2856 cum

230 2953 233 2958 ,
279 2882 385 2947 labore
404 2890 436 2945 et
456 2879 673 2966 longinquiore
695 2890 835 2966 ternpore
852 2881 971 2947 bellum
989 2883 1214 2962 confecturum,
1237 2907 1316 2950 cum

281 2975 422 3060 singulos
436 2973 609 3039 consectari
623 2984 799 3062 cogeretur;
817 2997 897 3060 quos
917 2977 944 3041 si
958 2978 1063 3041 statim
1076 2979 1315 3063 aggrederetur,

278 3069 368 3135 brevi
390 3070 554 3135 universos
573 3091 806 3156 oppressurum.
833 3069 894 3136 hoc
917 3093 954 3136 eo
972 3071 1106 3148 valebat,
1124 3081 1160 3134 ut
1176 3071 1316 3158 ingratis

246 3183 262 3232 5
280 3165 321 3230 ad
343 3164 589 3250 depugnandum
612 3185 722 3230 omnes
745 3175 939 3252 cogerentur.
971 3165 1086 3230 haere
1108 3165 1216 3229 audita
1237 3165 1315 3230 bar-

280 3259 390 3336 barus,
417 3259 496 3322 nihil
522 3259 586 3326 doli
614 3260 745 3326 subesse
767 3260 912 3332 credens,
939 3256 1090 3340 postridie
1117 3258 1315 3326 alienissimo

280 3351 341 3416 sibi
362 3352 442 3428 loco,
470 3360 578 3417 contra
599 3349 865 3436 opportunissimo
891 3347 1046 3426 hostibus,
1070 3349 1150 3416 adeo
1172 3363 1314 3438 angusto

279 3443 359 3508 mari
386 3444 539 3522 conflixit,
565 3454 601 3509 ut
627 3445 695 3509 eius
721 3439 888 3504 multitudo
913 3441 1043 3506 navium
1069 3443 1219 3528 explicari
1244 3469 1315 3512 non

279 3536 424 3622 potuerit.
452 3539 555 3603 victus
574 3557 648 3620 ergo
666 3542 715 3598 est
733 3531 835 3617 magis
854 3532 948 3598 etiam
962 3534 1092 3602 consilio
1103 3535 1313 3605 Themistocli

280 3651 376 3715 quarn
393 3631 488 3696 armis
508 3627 670 3694 Graeciae.

246 3746 259 3792 1
330 3722 373 3789 V.
399 3723 465 3787 Hic
482 3721 542 3785 etsi
560 3718 642 3782 male
659 3739 727 3784 rem
744 3729 899 3804 gesserat,
922 3729 1028 3788 tamen
1049 3731 1152 3789 tantas
1170 3723 1309 3792 habebat

278 3816 428 3900 reliquias
456 3811 630 3895 copiarum,
661 3820 697 3876 ut
722 3811 884 3880 etiamtum
914 3813 965 3879 his
996 3817 1172 3902 opprimere
1197 3833 1309 3904 posset

278 3910 397 3976 hostes.
427 3907 541 3970 iterum
563 3903 603 3970 ab
626 3905 737 3972 eodem
753 3908 855 3994 gradu
872 3907 1022 3993 depulsus
1041 3920 1098 3976 est.
1128 3935 1203 3976 nam
1221 3913 1309 3979 The-

279 3999 438 4067 mistocles
461 4018 588 4078 verens,
610 4022 651 4068 ne
668 4000 785 4068 bellare
802 4012 1029 4088 perseveraret,
1053 4004 1214 4071 certiorem
1231 4029 1309 4074 eum
