2758 4726
312 253 354 318 60
643 259 827 315 CORNELII
840 257 1002 316 NEPOTIS

313 378 487 460 eodemque
511 375 639 442 comites
659 395 767 439 omnes
792 373 1013 440 accubuissent
1030 373 1146 438 vestitu
1162 373 1278 442 humili
1294 385 1330 442 at-

311 495 373 557 que
395 472 550 548 obsoleto,
573 481 608 534 ut
630 491 737 537 eorum
756 478 883 534 ornatus
906 491 970 534 non
991 469 1086 536 modo
1108 469 1141 532 in
1161 468 1213 533 his
1231 493 1329 558 regem

311 567 469 632 neminem
488 563 686 650 significaret,
706 561 763 626 sed
780 561 922 627 homines
936 584 1000 626 non
1016 561 1216 628 beatissimos
1237 566 1331 650 suspi-

219 692 224 700 ·
278 681 293 726 3
312 661 434 726 cionem
450 658 623 744 praeberet.
651 656 744 720 huius
763 656 803 720 de
821 656 958 722 adventu
980 656 1066 722 fama
1084 678 1156 721 cum
1174 657 1215 722 ad
1233 660 1329 744 regios

312 764 396 820 esset
417 752 550 838 perlata,
576 749 717 814 celeriter
738 771 868 814 munera
886 772 923 814 eo
946 750 1098 834 cuiusque
1120 751 1247 836 generis
1267 765 1329 818 sunt

311 848 413 914 allata.
449 846 500 910 his
527 843 747 927 quaerentibus
771 842 959 930 Agesilaum
983 844 1036 908 vix
1061 843 1140 910 fides
1167 845 1254 910 facta
1281 857 1329 922 est,

276 962 409 1006 cunum
431 962 502 1006 esse
525 961 564 1004 ex
586 939 649 1018 his,
678 938 732 1022 qui
754 947 822 1002 tum
843 938 1048 1004 accubabant.
1085 939 1140 1022 qui
1158 961 1231 1004 oum
1253 942 1330 1026 regis

287 1056 290 1068 ·
309 1035 428 1112 verbis,
451 1055 531 1117 quac
550 1033 731 1110 attulerant,
755 1033 928 1112 dedissent,
952 1033 1004 1098 ille
1026 1043 1151 1120 praeter
1171 1034 1330 1100 vitulinam

311 1139 342 1194 et
359 1127 513 1194 eiusmodi
534 1149 651 1212 genera
672 1127 809 1213 opsonii,
833 1149 913 1212 quae
936 1149 1085 1214 praesens
1110 1137 1235 1214 tempus
1255 1131 1331 1194 desi-

310 1221 452 1298 derabat,
479 1220 558 1284 nihil
579 1222 699 1306 accepit
706 1247 714 1299 3
741 1231 916 1308 unguenta,
944 1244 1074 1288 coronas
1103 1223 1331 1308 secundamque

276 1336 292 1381 o
310 1338 452 1380 mensam
475 1316 574 1380 servis
597 1316 764 1401 dispertiit3
788 1326 891 1382 cetera
911 1316 1020 1382 referri
1037 1315 1137 1400 iussit,
1169 1339 1231 1402 quo
1248 1317 1332 1381 sacto

304 1433 383 1490 ‚eum
399 1409 525 1476 barbari
543 1411 645 1496 magis
664 1411 758 1474 etiam
771 1419 1033 1496 contempserunt,
1053 1410 1138 1494 quod
1156 1431 1229 1475 eum
1247 1411 1333 1496 igno

308 1504 410 1567 rantia
428 1503 582 1568 bonarum
599 1525 704 1567 rerum
721 1504 775 1568 illa
796 1505 995 1588 potissimum
1014 1504 1187 1588 sumpsisse
1205 1503 1332 1568 arbitra-

277 1618 291 1666 6
309 1597 431 1662 bantur.
459 1597 511 1660 hic
529 1619 601 1660 cum
620 1619 659 1659 ex
672 1595 823 1682 Aegypto
840 1606 1055 1674 reverteretur,
1075 1598 1209 1662 donatus
1230 1623 1250 1663 a
1264 1619 1332 1682 rege

307 1690 522 1756 Nectanabide
540 1690 682 1754 ducentis
697 1689 809 1773 viginti
827 1691 961 1770 talentis,
980 1713 1061 1776 quae
1078 1691 1131 1756 ille
1144 1694 1272 1756 muneri
1286 1714 1333 1778 pe

307 1785 383 1868 pulo
402 1806 459 1848 suc
477 1783 573 1857 daret,
592 1782 792 1864 venissetque
809 1783 843 1845 in
859 1794 994 1866 portum,
1014 1786 1068 1866 qui
1085 1785 1225 1848 Menelai
1244 1808 1334 1850 voea-

165 1949 172 1964 ,
224 1881 227 1884 ’
307 1888 358 1939 tur
374 1877 479 1938 iacens
497 1875 577 1938 111161
596 1872 737 1957 Cyrenas
757 1883 788 1938 61
804 1873 998 1958 Aegyptum,
1018 1877 1051 1938 in
1069 1877 1214 1940 morbum
1232 1878 1336 1964 impli-

274 1989 286 2032 r
307 1967 386 2029 citus
405 1964 548 2028 decessit.
581 1965 625 2030 ibi
643 1988 716 2029 eum
734 1966 839 2042 amici,
863 1988 925 2048 quo
946 1963 1092 2050 Spartam
1114 1967 1240 2030 facilius
1265 1993 1337 2052 pcr-

305 2059 388 2124 ferre
400 2067 540 2144 possent,
551 2060 636 2142 quod
650 2060 713 2124 mel
726 2082 790 2124 non
799 2058 966 2138 habebant,
982 2081 1053 2124 cera
1063 2058 1338 2128 circumfuderunt

307 2162 401 2238 atque
419 2153 463 2218 ita
481 2153 610 2218 domum
627 2153 809 2218 retulerunt.

602 2375 733 2440 XVIII.
769 2373 1032 2440 EUMENES.

272 2548 285 2594 1
356 2526 382 2590 Ι.
410 2525 571 2590 Eumenes
588 2525 774 2592 Cardianus.
802 2527 896 2591 huius
917 2528 944 2591 si
962 2528 1069 2591 virtuti
1086 2550 1144 2612 par
1162 2528 1236 2592 data
1250 2539 1330 2593 esset

304 2619 439 2697 fortuna,
457 2642 521 2684 nou
538 2619 589 2684 ille
608 2620 734 2702 quidem
753 2621 861 2698 maior,
882 2622 938 2685 sed
956 2621 1054 2686 multo
1072 2622 1222 2686 illustrior
1240 2633 1344 2706 atque

305 2716 399 2780 etiam
416 2714 604 2790 honoratior,
624 2714 709 2797 quod
731 2737 863 2800 magnos
882 2715 1024 2779 homines
1043 2715 1157 2780 virtute
1175 2717 1327 2790 metimur,

270 2827 286 2872 a
305 2831 368 2872 11011
381 2809 515 2882 fortuna.
543 2831 617 2872 nam
631 2830 704 2874 oum
722 2819 808 2874 aetas
823 2810 889 2875 eius
904 2810 1065 2874 incidisset
1078 2809 1110 2872 in
1124 2831 1163 2874 ea
1180 2820 1326 2894 tempora,

303 2901 417 2985 quibus
436 2901 629 2966 Macedones
652 2902 806 2980 florerent,
825 2904 958 2968 multum
976 2904 1005 2968 61
1023 2904 1157 2967 detraxit
1178 2905 1327 2968 intereos

302 2995 429 3072 viventi,
449 2995 534 3079 quod
548 2995 667 3060 alienae
681 3006 747 3060 erat
762 2997 905 3074 civitatis,
925 3020 1026 3082 neque
1041 2997 1125 3061 aliud
1139 2997 1213 3062 huic
1232 2996 1326 3062 defuit

270 3108 285 3154 3
304 3111 399 3174 quam
421 3111 575 3176 generosa
597 3090 700 3176 stirps.
733 3091 793 3156 etsi
809 3091 861 3156 ille
880 3091 1051 3156 domestico
1075 3114 1197 3155 summo
1216 3112 1324 3176 genere

304 3195 383 3262 erat,
407 3194 512 3250 tamen
529 3184 722 3250 Macedones
746 3208 819 3250 eum
841 3185 901 3250 sibi
924 3185 1092 3269 aliquando
1115 3185 1260 3270 anteponi
1282 3186 1327 3246 in-

302 3279 396 3365 digne
406 3279 557 3355 ferebant,
567 3301 667 3361 neque
677 3289 782 3344 tamen
791 3302 854 3342 non
863 3279 1069 3362 patiebantur.
1089 3278 1326 3344 vincebatenirn

303 3395 413 3436 omnes
432 3393 522 3447 cura,
546 3371 722 3457 vigilantia,
746 3372 910 3456 patientia,
934 3371 1101 3436 calliditate
1119 3382 1151 3437 et
1173 3369 1324 3436 celeritate

267 3483 284 3527 4
302 3463 429 3548 ingenii.
461 3463 513 3528 hio
530 3465 838 3550 peradulescentulus
858 3464 898 3528 ad
916 3464 1084 3530 amicitiam
1103 3465 1237 3538 accessit
1252 3463 1324 3527 Phi·

300 3557 387 3641 lippi,
402 3555 561 3642 Amyntae
577 3559 641 3634 filii,
662 3557 811 3639 brevique
825 3565 964 3642 tempore
977 3559 1010 3622 in
1027 3560 1167 3624 intimam
1186 3557 1322 3644 pervenit

301 3651 552 3718 familiaritatem.
580 3650 723 3735 fulgebat
736 3650 819 3714 enim
833 3651 895 3716 iam
909 3652 942 3716 111
955 3653 1187 3718 adolescentulo
1205 3651 1321 3717 indoles

267 3763 282 3808 5
301 3747 434 3812 virtutis.
461 3748 566 3828 itaque
585 3766 657 3808 eum
674 3742 784 3808 habuit
802 3746 843 3810 ad
860 3770 987 3812 manum
1006 3748 1125 3812 scribae
1143 3748 1223 3824 loco,
1243 3743 1322 3830 quod

299 3841 399 3905 multo
417 3839 502 3922 apud
520 3835 634 3902 Graios
653 3837 906 3908 honorificentius
926 3851 974 3908 est
991 3864 1086 3926 quam
1104 3842 1190 3927 apud
1207 3841 1320 3906 Roma·
1340 3831 1341 3865 l

299 3957 368 3998 nos.
395 3953 530 4015 namque
544 3931 628 4015 apud
641 3954 708 4010 nos,
727 3956 836 4000 revera
851 3936 931 4000 sicut
949 3945 1030 4013 sunt,
1049 3935 1233 4000 mercenarii
1250 3931 1320 3997 scri·

298 4026 359 4090 bae
373 4027 589 4090 existimantur
594 4049 603 4104 3
622 4036 654 4091 at
667 4028 751 4112 apud
763 4029 833 4095 illos
848 4053 865 4096 6
879 4031 1031 4096 contrario
1048 4053 1141 4096 1161110
1155 4031 1197 4096 ad
1210 4025 1320 4094 1110111-
