2732 4722
488 275 619 334 cIMON.
1029 273 1070 334 ll

40 390 250 473 impetrasset,
270 411 304 458 se
317 411 374 474 pro
387 389 442 454 illo
454 391 623 474 pecuniam
637 392 820 458 soluturum.
847 396 874 458 is
888 417 961 460 cum
973 397 1068 462 talem
1085 419 1103 464 4

41 482 252 548 conditionem
273 493 505 568 aspernaretur,
523 482 669 568 Elpinice
687 487 828 571 negavit,
852 510 886 552 se
902 511 1068 573 passuram

40 575 193 639 Miltiadis
214 577 398 661 progeniem
420 576 453 639 in
475 576 587 641 vinclis
609 577 745 662 publicis
762 580 898 657 interire,
920 584 1068 663 quoniam

40 667 203 752 prohibere
219 679 338 752 posset,
357 691 454 751 seque
469 667 589 734 Calliae
603 680 782 755 nupturam,
802 673 830 738 si
842 694 889 750 ea,
904 695 985 756 quae
1001 677 1069 758 pol-

38 762 192 837 liceretur,
210 763 427 847 praestitisset.
946 805 947 810 κ

89 854 135 920 Π.
167 853 239 920 Tali
261 856 355 920 modo
378 855 521 922 custodia
541 855 692 922 liberatus
716 857 831 924 Cimon
858 859 1000 924 celeriter
1026 861 1100 930 ad1

37 946 246 1033 principatum
260 949 411 1032 pervenit.
430 948 567 1014 habebat
576 951 659 1014 enim
674 951 750 1016 satis
760 951 966 1035 eloquentiae,
982 976 1069 1018 sum·

38 1061 125 1104 mam
140 1039 367 1119 liberalitatem,
386 1064 535 1128 magnam
552 1044 751 1127 prudentiam
768 1066 840 1110 cum
857 1045 935 1110 iuris
954 1047 1066 1125 civilis,

38 1145 109 1198 tum
124 1135 341 1218 reiumilitaris,
364 1137 539 1220 quodcum
561 1145 649 1222 patre
667 1161 687 1201 a
703 1159 800 1222 puero
821 1139 856 1203 in
878 1141 1067 1206 exercitibus

37 1228 141 1292 fuerat
162 1239 315 1296 versatus.
346 1231 453 1314 itaque
474 1230 527 1294 hic
549 1238 580 1294 et
603 1229 755 1314 populum
776 1231 930 1298 urbanum
952 1235 985 1298 in
1008 1257 1067 1300 sua

38 1322 138 1386 tenuit
154 1332 310 1408 potestate
324 1333 356 1388 et
373 1325 458 1409 apud
475 1323 647 1390 exercitum
663 1323 833 1406 plurimum
849 1325 947 1388 valuit
960 1337 1067 1392 aucto-
1104 1326 1105 1337 ’

36 1416 138 1481 ritate.
165 1417 303 1500 primun
318 1418 488 1502 imperator
509 1417 595 1500 apud
611 1417 729 1480 flumen
748 1413 918 1500 Strymona
934 1439 1066 1502 magnas
1085 1440 1100 1486 a

35 1509 147 1594 copias
166 1509 328 1576 Thracum
345 1510 479 1595 fugavit,
498 1509 649 1593 oppidum
666 1507 886 1593 Amphipolim
908 1510 1070 1575 constituit

34 1623 140 1686 eoque
158 1603 268 1668 decem
285 1603 372 1667 milia
381 1602 624 1668 Atheniensium
641 1603 674 1666 in
691 1602 845 1668 coloniam
861 1603 956 1666 misit.
983 1603 1068 1668 idem
1086 1627 1101 1673 a

33 1697 153 1760 iterum
176 1697 262 1780 apud
278 1695 429 1780 Mycalen
448 1694 635 1781 Cypriorum
653 1706 685 1762 et
700 1695 897 1762 Phoenicum
919 1697 1068 1762 ducenta-

11 1799 13 1860 !
32 1809 111 1851 rum
129 1788 257 1854 navium
271 1789 404 1854 classem
417 1789 571 1854 devictam
580 1789 663 1874 cepit
676 1789 909 1873 eodemquedie
922 1791 990 1874 pari
1003 1790 1067 1855 for-

35 1889 118 1944 tuna
139 1880 173 1944 in
199 1890 281 1946 terra
302 1904 379 1946 usus
401 1891 458 1948 est.
489 1905 626 1967 namque
648 1883 787 1948 bostium
808 1883 942 1950 navibus
965 1885 1066 1970 captis

36 1974 144 2038 statim
163 1995 202 2040 ex
219 1975 320 2042 classe
338 1976 445 2063 copias
464 1999 537 2042 suas
556 1977 665 2042 eduxit
681 1977 948 2062 barbarorumque
965 1979 1065 2044 maxi-

35 2089 121 2132 mam
142 2068 207 2132 vim
228 2091 292 2134 uno
315 2092 470 2136 concursu
494 2071 672 2156 prostravit.
708 2092 772 2153 qua
796 2072 928 2136 victoria
949 2093 1100 2158 magnas

35 2163 154 2246 praeda
173 2164 292 2248 potitus
316 2187 388 2228 cum
410 2165 540 2230 domum
561 2172 781 2240 reverteretur,
804 2165 971 2246 quodiam
987 2188 1067 2228 non-

35 2255 140 2320 nullae
149 2255 272 2319 insulae
287 2265 416 2339 propter
429 2256 630 2320 acerbitatem
642 2255 767 2338 imperii
783 2254 972 2330 defecerant,
985 2254 1066 2318 bene

33 2348 191 2411 animatas
214 2347 423 2424 confirmavit,
447 2348 596 2414 alienatas
614 2348 656 2413 ad
678 2347 817 2412 officium
834 2347 935 2412 redire
953 2347 1064 2433 coegit.

35 2440 185 2524 Scyrum,
204 2461 299 2523 quam
317 2463 355 2505 eo
373 2450 512 2528 tempore
521 2441 665 2528 Dolopes
682 2440 870 2518 incolebant,
889 2442 975 2524 quod
992 2462 1099 2510 con-5

34 2534 192 2600 tumacius
214 2557 255 2618 se,
271 2546 449 2621 gesserant,
472 2536 661 2614 vacuefecit,
685 2557 825 2602 sessores
843 2545 964 2602 veteres
987 2535 1065 2601 urbe

35 2627 203 2711 insulaque
221 2628 325 2706 eiecit,
348 2652 442 2716 agros
464 2630 586 2696 civibus
609 2630 724 2695 divisit
752 2629 889 2694 Thasios
907 2629 1067 2713 opulentia

35 2721 135 2786 fretos
157 2743 215 2786 suo
237 2722 375 2786 adventu
395 2723 500 2810 fregit.
531 2724 582 2790 his
604 2745 645 2788 ex
666 2723 824 2787 manubiis
846 2743 904 2786 arx
920 2720 1064 2786 Athena

33 2835 115 2890 rum,
134 2835 198 2897 qua
215 2815 256 2880 ad
272 2815 435 2882 meridiem
452 2816 563 2901 vergit,
583 2825 637 2886 cst,
648 2824 767 2880 ornata.

86 2905 150 2971 111.
179 2905 306 2987 Quibus
324 2907 418 2973 rebus
437 2923 509 2971 cum
526 2930 608 2972 unus
626 2909 660 2972 in
677 2909 802 2973 civitate
819 2909 956 2974 maxime
973 2908 1064 2974 flore-
1083 2927 1097 2972 1

31 3009 92 3076 ret,
111 2999 222 3062 incidit
237 3000 271 3064 in
284 3001 416 3065 eandem
428 3000 587 3078 invidiam,
606 3023 702 3084 quam
714 3011 803 3085 pater
817 3025 893 3066 suus
908 3002 1064 3084 ceterique

29 3089 281 3158 Atheniensium
302 3092 468 3176 principes.
504 3115 579 3156 nam
605 3101 756 3156 testarum
779 3093 952 3176 suffragiis,
979 3093 1065 3172 quod

31 3184 80 3249 illi
99 3177 318 3267 ὀστρακισμὸν
340 3193 467 3262 vocant,
490 3183 601 3248 decem
623 3205 776 3248 annorum
799 3184 892 3248 exibo
914 3182 1065 3246 multatus

33 3286 93 3342 est.
122 3276 212 3342 cuius
234 3277 311 3342 facti
333 3277 464 3344 celerius
482 3275 695 3342 Athenienses
714 3299 809 3360 quam
830 3277 935 3362 ipsum
956 3275 1065 3362 poeni-
1083 3293 1098 3340 2

32 3372 105 3436 tuit.
124 3392 198 3436 nam
211 3391 284 3436 cum
300 3371 353 3435 ille
371 3364 476 3436 animo
493 3371 567 3435 sorti
584 3371 720 3436 invidiae
737 3371 932 3456 ingratorum
949 3368 1065 3433 civium

33 3463 193 3541 cessisset,
211 3462 391 3548 bellumque
407 3464 654 3530 Lacedaemonii
666 3462 916 3530 Atheniensibus
933 3461 1065 3526 indixis-

33 3567 116 3635 sent,
135 3557 302 3624 confestim
318 3570 411 3626 notae
429 3560 496 3626 eius
510 3560 634 3624 virtutis
653 3558 842 3626 desiderium
860 3567 1064 3624 consecutum

32 3659 94 3716 est.
120 3651 226 3734 itaque
243 3661 315 3736 post
332 3675 450 3718 annum
467 3654 625 3736 quintum,
645 3675 740 3736 quam
758 3652 909 3737 expulsus
927 3660 1007 3725 erat,
1030 3650 1063 3712 in
1081 3668 1096 3714 a

32 3744 169 3830 patriam
186 3754 351 3810 revocatus
370 3756 427 3811 est.
453 3747 520 3823 ille,
539 3747 626 3829 quod
642 3746 778 3831 hospitio
795 3741 1064 3810 Lacedaemonio-

31 3861 106 3904 rum
128 3837 288 3914 utebatur,
311 3839 410 3902 satius
432 3839 615 3904 existimans
638 3829 828 3904 contendere
847 3837 1064 3902 Lacedaemo-

31 3954 120 4007 nem,
139 3952 198 3995 sua
216 3939 327 4014 sponte
341 3939 388 3994 est
405 3931 565 4016 profectus
578 3953 752 4015 pacemque
764 3931 845 3994 inter
858 3929 937 3992 duas
954 3936 1064 4012 poten-

32 4024 174 4092 tissimas
185 4023 325 4090 civitates
335 4023 519 4090 conciliarit.
537 4032 619 4110 post,
633 4045 735 4107 neque
744 4023 788 4088 ita
796 4021 904 4098 multe,
921 4019 1064 4108 Cyprum
1080 4040 1098 4087 4

87 4121 291 4178 carceratum.
831 4120 849 4174 2
