2758 4726
304 255 347 320 62
636 261 822 322 connnnn
835 261 1000 320 rnrorrs

303 380 523 446 inexercitatae
537 385 569 442 et
581 399 646 442 non
658 377 756 442 multo
771 385 843 441 ante
857 383 944 440 erant
958 383 1142 454 contractae,
1162 376 1323 444 adventare

303 483 410 540 autem
431 473 608 538 dicerentur
624 471 931 555 Hellespontumque
948 469 1098 534 transisse
1115 468 1285 556 Antipater
1301 463 1341 536 ct¹

305 567 455 634 Craterus
473 589 590 652 magno
607 587 681 630 cum
698 563 838 628 exercitu
855 563 1081 640 Macedonum,
1100 564 1160 628 viri
1178 586 1253 629 oum
1270 566 1326 629 cla-

302 662 394 726 ritate
415 670 483 726 tum
505 683 567 725 usu
588 659 662 724 belli
683 667 878 744 praestantes
897 656 1104 740 (Macedones
1122 679 1198 724 vero
1217 660 1324 724 milites

270 777 344 825 sea
365 764 432 818 tum
456 763 544 818 erant
565 753 664 829 fama,
692 773 756 834 qua
773 773 857 816 nunc
874 751 1011 816 Romani
1032 751 1189 830 feruntur;
1217 755 1325 819 etenim

305 869 430 932 semper
451 846 550 911 habiti
573 855 646 910 sunt
663 845 840 922 fortissimi,
865 845 920 927 qui
937 867 1097 909 summam-
1111 846 1238 930 imperii
1255 848 1325 932 poti-

304 943 440 1026 rentur):
460 931 622 1006 Eumenes
640 939 844 1025 intelligebat,
864 940 892 1004 si
909 941 1018 1024 copiae
1037 963 1112 1005 suae
1131 954 1325 1028 cognossent,

305 1036 456 1100 adversus
470 1056 549 1117 quos
564 1033 759 1110 ducerentur,
778 1055 842 1098 non
856 1033 949 1098 modo
963 1057 1028 1098 non
1040 1035 1148 1111 ituras,
1168 1037 1228 1100 sed
1243 1036 1327 1101 simul

271 1150 377 1201 ccum
399 1128 508 1192 nuntio
531 1127 717 1212 dilapsuras.
749 1128 855 1210 itaque
877 1127 937 1192 hoc
960 1127 1026 1192 eius
1045 1127 1104 1191 suit
1125 1129 1327 1214 prudentissi-

303 1245 405 1299 mum,
428 1231 464 1296 ut
481 1222 581 1288 deviis
599 1222 762 1287 itineribus
781 1221 895 1288 milites
914 1223 1054 1300 duceret,
1073 1223 1241 1307 inquibus
1260 1231 1341 1308 vera}

272 1339 286 1387 a
305 1316 413 1380 audire
430 1338 494 1380 non
507 1325 645 1400 possent,
664 1325 696 1380 et
713 1316 762 1381 his
775 1316 987 1402 persuaderet,
1007 1339 1042 1381 se
1055 1325 1164 1383 contra
1178 1320 1341 1404 quosdam

303 1409 456 1476 barbaros
473 1410 639 1496 proficisci.
667 1411 772 1494 itaque
791 1412 890 1475 tenuit
907 1411 967 1476 hoc
984 1411 1179 1500 propositum
1198 1421 1230 1478 et
1247 1412 1328 1498 prius

303 1505 338 1569 in
351 1505 451 1569 aciem
465 1505 637 1569 exercitum
646 1505 754 1570 eduxit
767 1507 982 1590 proeliumque
992 1505 1155 1582 commisit,
1171 1527 1271 1590 quam
1279 1505 1341 1568 nri-2

303 1597 374 1662 lites
390 1597 439 1662 sui
454 1599 578 1677 scirent,
597 1621 669 1664 cum
683 1599 797 1684 quibus
811 1623 897 1665 arma
911 1601 1096 1666 conferrent.
1119 1599 1227 1664 effecit
1242 1601 1328 1665 etiam

303 1691 382 1754 illud
399 1691 542 1758 locorum
558 1694 851 1778 praeoccupatione,
871 1703 906 1756 ut
924 1696 1064 1778 equitatu
1081 1694 1185 1779 potius
1204 1693 1329 1758 dimica

303 1793 366 1863 ret,
388 1807 451 1870 quo
469 1788 541 1872 plus
560 1787 697 1862 valebat,
720 1807 814 1868 quam
830 1785 985 1868 peditatu,
1005 1809 1068 1868 quo
1086 1797 1152 1850 erat
1169 1788 1329 1852 deteriore.

272 1901 285 1948 1
358 1879 418 1946 IV.
447 1880 590 1960 Quorum
608 1879 757 1941 acerrimo
782 1898 935 1938 concursu
953 1898 1026 1939 cum
1043 1900 1192 1960 magnam
1209 1889 1332 1961 partem

306 1974 369 2039 diei
382 1980 465 2038 esset
478 1978 703 2051 oppugnatum,
718 1966 802 2028 cadit
812 1965 961 2031 Craterus
975 1969 1040 2030 dux
1054 1977 1084 2032 et
1093 1967 1333 2051 Neoptolemus,

307 2068 362 2152 qui
384 2061 554 2130 secundum
575 2059 680 2120 locum
702 2057 824 2142 imperii
842 2057 978 2124 tenebat.
1006 2081 1079 2124 cum
1096 2060 1156 2124 hoc
1174 2064 1333 2126 concurrit

273 2161 374 2246 2ipse
391 2156 560 2218 Eumenes.
592 2150 647 2234 qui
669 2173 741 2216 cum
762 2151 844 2216 inter
866 2175 900 2218 se
924 2153 1081 2238 complexi
1102 2155 1136 2218 in
1158 2162 1277 2218 terram
1299 2177 1331 2218 ex

306 2250 393 2334 aquis
410 2243 610 2323 decidissent,
628 2254 665 2310 ut
681 2245 774 2312 facile
786 2246 921 2333 intelligi
936 2257 1067 2333 possent
1083 2247 1210 2312 inimica
1228 2256 1329 2312 mente

305 2337 503 2406 contendisse
525 2341 693 2425 animoque
715 2341 819 2428 magis
842 2341 937 2406 etiam
962 2363 1124 2428 pugnasse
1147 2363 1245 2432 quam
1269 2364 1327 2406 cor-

302 2453 387 2519 pore,
406 2455 471 2498 non
487 2435 575 2520 prius
594 2435 735 2499 distracti
753 2444 835 2512 sunt,
854 2457 950 2518 quam
968 2436 1102 2500 alterum
1119 2435 1225 2500 anima
1242 2435 1327 2499 relin-

303 2536 421 2610 queret.
450 2528 490 2594 ab
509 2529 569 2593 hoo
588 2529 706 2611 aliquot
723 2529 826 2614 plagis
840 2528 1001 2592 Eumenes
1020 2529 1211 2606 vulneratur,
1231 2548 1325 2612 neque

269 2641 284 2688 3
303 2643 341 2688 eo
359 2623 461 2710 magis
476 2645 516 2688 ex
532 2623 651 2709 proelio
666 2624 810 2700 excessit,
830 2623 886 2690 sed
900 2623 1002 2688 acrius
1016 2623 1124 2688 hostes
1138 2624 1262 2688 institit.
1284 2621 1325 2684 hie
1340 2621 1341 2624 ’

304 2717 665 2804 θᾳυίὲὶὺιιεμοῆἰςειΐίε,
683 2717 848 2782 interfecto
867 2718 947 2782 duce
958 2715 1099 2794 Cratero,
1118 2718 1226 2782 multis
1245 2736 1325 2802 prae-

304 2822 390 2876 terea
404 2821 436 2876 et
449 2813 585 2876 maxime
598 2811 758 2878 nobilibus
773 2813 882 2898 captis,
901 2813 1048 2898 pedester
1062 2813 1229 2890 exercitus,
1250 2808 1323 2896 quod

303 2905 338 2968 in
359 2927 397 2969 ea
422 2905 493 2970 loca
519 2914 585 2970 erat
612 2906 780 2986 deductus,
808 2917 844 2970 ut
870 2907 968 2971 invito
989 2906 1135 2972 Eumene
1162 2906 1246 2971 elabi
1269 2923 1324 2968 non

303 3008 421 3086 posset,
439 3021 552 3086 paoem
569 2999 610 3065 ab
624 3022 661 3066 eo
678 3002 766 3086 petit.
794 3023 889 3084 quam
904 3023 976 3066 cum
993 3002 1202 3087 impetrasset,
1221 3002 1256 3064 in
1271 2997 1322 3062 fids

305 3117 369 3160 non
386 3095 502 3160 mansit
520 3104 551 3160 et
569 3117 612 3173 sc,
633 3093 782 3160 simulac
799 3096 910 3181 potuit,
930 3097 970 3160 ad
983 3095 1188 3182 Antipatrum
1205 3091 1321 3178 recepit.
1340 3179 1341 3182 Ἴ

271 3189 467 3256 4Eumenes
488 3189 653 3254 Craterum
683 3212 723 3254 ex
746 3190 813 3254 acie
840 3189 1028 3256 semivivum
1056 3191 1174 3254 elatum
1193 3204 1321 3255 recreare

306 3285 440 3362 studuit3
459 3305 532 3346 oum
548 3283 582 3346 id
598 3307 663 3349 non
678 3293 796 3370 posset,
814 3306 872 3371 pro
890 3284 1025 3348 hominis
1044 3284 1195 3370 dignitate
1210 3298 1322 3368 proque

304 3379 436 3466 pristina
454 3376 590 3441 amicitia
608 3376 757 3462 (namque
774 3377 828 3441 illo
845 3397 924 3441 usus
947 3384 1022 3452 erat,
1044 3376 1226 3444 Alexandro
1248 3375 1319 3446 vivo,

305 3469 513 3556 familiariter)
531 3472 637 3558 amplo
654 3472 765 3536 funere
783 3469 895 3534 extulit
912 3492 1047 3554 ossaque
1065 3472 1098 3538 in
1111 3469 1320 3538 Macedoniam

306 3562 397 3625 uxori
415 3562 483 3627 eius
501 3587 539 3629 ao
556 3565 662 3630 liberis
680 3563 809 3628 remisit.

272 3677 285 3723 1
356 3653 398 3721 V.
426 3656 519 3723 Haec
536 3659 612 3722 dum
630 3658 715 3743 apud
724 3655 969 3743 Hellespontum
986 3670 1148 3747 geruntur,
1162 3660 1318 3726 Perdiccas

306 3751 392 3836 apud
412 3751 521 3816 Nilum
546 3751 665 3816 flumen
690 3750 875 3818 interficitur
901 3777 920 3818 a
943 3749 1077 3820 Seleuco
1105 3764 1137 3820 et
1158 3753 1341 3840 Anagono‘

304 3869 474 3930 rerumque
492 3869 616 3911 summa
633 3846 675 3910 ad
691 3843 895 3936 Antipatrum
913 3849 1061 3915 defertur.
1087 3849 1149 3928 hic,
1169 3849 1317 3934 quidese

305 3950 441 4017 ruerant,
460 3940 599 4005 exercitu
616 3940 803 4028 suffragium
821 3942 940 4009 ferente
954 3945 1063 4030 capitis
1081 3944 1230 4010 absentes
1243 3943 1317 4006 dan·
1340 3935 1341 4026 l

305 4042 429 4112 nantur,
456 4035 490 4098 in
515 4034 565 4099 his
587 4033 758 4106 Eumenes.
795 4038 855 4102 hac
881 4038 933 4102 ille
955 4038 1117 4123 perculsus
1144 4039 1242 4124 plaga
1265 4047 1316 4100 non
