2758 4726
359 227 395 282 T.
408 223 631 283 POMPONIUS
645 222 818 282 ATTIOUS.
1061 213 1103 278 89

72 353 137 421 tes,
170 349 323 426 quantum
353 341 469 426 potuit,
501 339 595 416 texit,
627 336 743 422 quibus
769 337 863 402 rebus
889 336 1101 427 indiguerunt,

73 438 204 504 adiuvit
236 435 275 499 P.
294 457 369 500 vero
387 433 559 500 Volumnio
582 455 620 498 ea
637 432 755 508 tribuit,
778 442 814 494 ut
830 431 921 516 plura
938 457 958 497 a
973 446 1102 519 parente
1120 456 1138 502 4

72 529 230 618 proficisci
248 532 312 594 n'on
329 529 495 614 potuerint.
526 527 588 611 ipsi
606 535 713 590 autem
729 526 759 590 F
759 525 878 603 ulviac,
903 547 975 590 cum
995 527 1102 595 litibus

74 623 284 690 destinaretur
309 623 496 708 magnisque
521 620 692 685 terroribus
719 628 900 696 vexaretur,
928 628 1014 685 tauta
1035 621 1104 686 dili-

73 717 181 806 gentia
198 715 339 782 officium
358 737 451 780 suum
468 713 636 800 praestitit,
655 723 691 776 ut
708 713 831 779 nullum
848 713 902 778 illa
920 713 1033 778 stiterit
1049 736 1105 778 va-

73 809 248 876 dimonium
267 807 462 886 sineAttico,
483 829 616 894 sponsor
629 807 771 872 omnium
787 829 893 871 rerum
905 806 1009 872 fuerit.
1028 807 1105 890 quin
1123 829 1139 878 5

74 905 178 982 etiam,
197 925 271 968 cum
287 903 342 968 illa
358 903 494 968 fundum
517 901 655 966 secunda
676 901 802 966 fortuna
820 901 949 966 emisset
969 900 1003 964 in
1020 901 1105 966 diem

73 1019 177 1083 neque
194 1005 268 1082 post
286 997 496 1062 calamitatem
513 1018 676 1061 versuram
692 995 797 1060 facere
814 995 979 1080 potuisset,
997 994 1050 1059 ille
1069 1016 1104 1060 se

73 1091 260 1178 interposuit
282 1091 511 1176 pecuniamque
529 1090 596 1154 sine
618 1089 726 1154 fenore
745 1089 874 1173 sineque
891 1089 957 1154 ulla
974 1087 1105 1174 stipula

74 1187 159 1250 tione
178 1184 318 1262 credidit,
337 1185 510 1249 maximum
528 1184 711 1248 existimans
730 1192 909 1267 quaestum,
932 1204 1105 1248 memorem

22 1289 24 1296 “
73 1288 262 1365 gratumque
285 1278 434 1365 cognosci
460 1277 616 1361 simulque
638 1277 773 1361 aperire,
802 1299 836 1341 se
857 1298 921 1341 non
947 1275 1102 1352 fortunae,

74 1375 133 1439 sed
154 1371 335 1438 hominibus
359 1372 459 1440 solere
482 1394 554 1438 esse
576 1367 722 1436 amicum.
754 1392 931 1454 quaecum
956 1369 1139 1448 faciebat,c

72 1489 169 1534 nemo
186 1487 259 1532 eum
276 1467 426 1552 temporis
444 1489 559 1532 caussa
575 1467 680 1531 facere
697 1474 820 1551 poterat
838 1465 1026 1530 existimare.
1049 1485 1105 1528 ne-

72 1564 152 1627 mini
169 1564 253 1628 enim
274 1562 309 1628 in
326 1563 506 1648 opinionem
527 1561 688 1639 veniebat,
706 1559 883 1624 Antonium
900 1581 1006 1624 rerum
1023 1558 1105 1643 poti·

73 1668 190 1722 turum.
217 1657 274 1722 sed
287 1657 405 1722 sensim
421 1657 450 1722 is
464 1681 484 1722 a
496 1657 653 1722 nonnullis
667 1654 881 1740 optimatibus,
896 1651 1102 1718 familiaribus
1122 1673 1137 1719 ⁷

22 1775 26 1810 2
71 1753 153 1828 eius,
171 1751 465 1837 reprehendebatur,
485 1752 571 1835 quod
587 1773 699 1836 pamm
713 1750 818 1814 odisse
837 1748 938 1814 malos
956 1748 1042 1814 cives
1055 1747 1103 1811 vi-

71 1846 208 1910 deretur.
238 1846 291 1910 ille
313 1855 419 1912 autem
441 1845 491 1910 sui
513 1845 621 1910 iudicii
644 1845 748 1930 potius
767 1843 845 1928 quid
867 1841 1024 1908 sefacere
1045 1863 1103 1926 par

23 1960 32 1998 r
71 1948 159 2004 esset
175 1939 363 2018 intuebatur,
382 1961 479 2024 quam
496 1940 573 2023 quid
590 1939 644 2004 alii
660 1937 818 2004 laudaturi
834 1937 946 2004 forent.

22 2030 33 2112 ,⁷
124 2032 172 2097 X.
201 2031 365 2098 Conversa
383 2033 488 2098 subito
506 2033 634 2096 fortuna
651 2041 708 2094 est
734 2041 771 2092 ut
787 2029 946 2094 Antonius
964 2030 1056 2095 rediit
1069 2030 1102 2092 in
1121 2049 1135 2095 1

22 2145 32 2185 t
68 2127 213 2203 Italiam,
240 2147 334 2188 nemo
360 2147 424 2188 non
450 2145 567 2206 magno
593 2124 626 2183 in
651 2120 791 2202 periculo
808 2119 952 2182 Atticum
977 2129 1103 2201 putarat

21 2243 23 2277 3
67 2229 201 2306 propter
218 2217 362 2280 intimam
379 2214 622 2278 familiaritatem
641 2211 803 2276 Ciceronis
822 2219 853 2274 et
870 2209 971 2273 Bruti.
997 2209 1103 2291 itaque
1121 2229 1139 2275 a

21 2367 23 2372 ,
68 2314 115 2376 ad
129 2310 301 2374 adventum
313 2308 537 2394 imperatorum
554 2307 594 2371 de
611 2305 683 2371 foro
699 2305 885 2382 decesserat,
905 2302 1018 2368 timens
1031 2323 1104 2389 pro-

70 2403 287 2488 scriptionem,
305 2403 484 2486 latebatque
498 2403 583 2488 apud
591 2402 629 2466 P.
640 2400 855 2478 Volumnium,
875 2400 935 2478 cui,
953 2408 989 2466 ut
998 2407 1104 2466 osten-

21 2561 23 2596 γ
67 2498 192 2573 dimus,
214 2497 309 2581 paulo
331 2507 403 2561 ante
426 2517 519 2582 opem
541 2497 654 2563 tulerat
672 2495 773 2580 (tanta
793 2496 928 2562 varietas
950 2495 1001 2560 his
1023 2504 1103 2560 tem-

67 2589 202 2677 poribus
228 2589 288 2653 fuit
314 2589 466 2668 fortunae,
495 2600 530 2655 ut
551 2591 646 2656 modo
667 2591 715 2668 hi,
738 2591 833 2656 modo
854 2590 901 2654 illi
921 2589 956 2652 in
977 2609 1102 2654 summo

69 2692 179 2749 essent
192 2690 247 2747 aut
259 2682 386 2769 fastigio
397 2693 451 2748 aut
463 2683 628 2768 periculo),
646 2683 845 2766 habebatque
855 2702 964 2746 secum
974 2679 1015 2762 Q.
1025 2677 1102 2746 Gel-

69 2777 150 2841 lium
170 2775 309 2854 Canum,
337 2777 500 2860 aequalem
523 2777 779 2860 simillimumque
802 2775 861 2841 sui.
892 2761 954 2839 hob
975 2791 1138 2860 quoques
1163 2822 1166 2828 ,

71 2872 113 2934 sit
130 2869 232 2956 Attici
252 2870 402 2936 honitatis
426 2871 619 2955 exemplum,
638 2871 814 2953 quodcum
832 2891 883 2948 ec,
907 2891 1003 2954 quem
1023 2892 1102 2956 pue·

70 2987 141 3029 rum
158 2965 192 3028 in
213 2965 288 3030 ludo
306 2973 471 3050 cognorat,
494 2964 573 3028 adeo
591 2965 756 3028 coniuncte
773 2964 865 3040 vixit,
888 2973 924 3026 ut
941 2963 983 3027 ad
1000 2971 1102 3027 extre-

70 3081 156 3122 mam
179 3067 314 3123 aetatem
335 3057 472 3122 amicitia
494 3079 603 3121 eorum
630 3057 771 3120 creverit.
807 3055 968 3120 Antonius
994 3063 1137 3119 autema

71 3151 131 3216 etsi
149 3161 236 3218 tanto
254 3151 326 3217 odio
349 3150 508 3216 ferebatur
528 3151 563 3216 in
581 3149 782 3224 Ciceronem,
805 3155 922 3212 utnon
940 3147 1043 3212 solum
1061 3149 1099 3224 ei,

71 3245 130 3308 sed
148 3245 242 3310 etiam
259 3243 407 3310 omnibus
425 3245 493 3309 eius
511 3244 620 3308 amicis
638 3251 723 3307 esset
739 3241 885 3306 inimicus
900 3261 1017 3325 eosque
1034 3242 1101 3306 vel·

69 3337 118 3400 let
137 3339 344 3422 proscribere,
371 3339 477 3404 multis
500 3335 697 3404 hortantibus
725 3346 831 3402 tamen
852 3335 953 3402 Attici
979 3357 1100 3402 memor

70 3429 134 3494 fuit
152 3431 246 3498 officii
264 3443 294 3499 et
312 3435 350 3512 ei,
370 3456 441 3499 cum
454 3434 648 3518 requisisset,
666 3431 797 3498 ubinam
814 3441 907 3510 esset,
928 3453 986 3497 sua
1002 3454 1099 3497 manu

21 3585 23 3592 .
71 3525 211 3612 scripsit,
237 3550 278 3594 ne
300 3528 422 3593 timeret
444 3529 612 3613 statimque
634 3527 675 3592 ad
697 3549 732 3592 se
753 3526 887 3604 venirct3
916 3548 950 3592 se
972 3549 1046 3594 eum
1068 3535 1099 3591 et

70 3618 156 3684 illius
179 3643 292 3688 caussa
311 3621 436 3687 Canum
458 3622 497 3685 de
519 3622 764 3706 proscriptorum
781 3643 912 3686 numero
930 3621 1097 3686 exemisse.

71 3735 108 3777 ac
125 3736 166 3780 ne
184 3717 270 3800 quod
286 3715 461 3802 periculum
477 3715 641 3791 incideret,
665 3716 750 3796 quod
771 3724 867 3778 noctu
883 3713 988 3787 fiebat,
1006 3731 1097 3794 prae-

71 3807 188 3874 sidium
206 3812 235 3876 ci
252 3811 347 3876 misit.
380 3809 426 3875 sic
442 3806 569 3872 Atticus
588 3807 621 3868 in
639 3827 763 3870 summo
785 3806 895 3867 timore
912 3825 976 3865 non
994 3800 1096 3864 solum
1116 3818 1133 3866 5

72 3900 146 3981 sibi,
170 3905 228 3970 sed
242 3905 345 3986 ,etiam
366 3905 410 3982 ei,
433 3923 529 3986 quem
546 3899 745 3965 carissimum
765 3895 916 3970 habebat,
938 3892 1097 3978 praesidio

69 3995 139 4061 fuit.
171 3999 377 4085 nequeenim
400 4018 476 4064 suae
495 3995 597 4062 solum
615 4017 635 4059 a
651 4013 811 4078 qucquam
833 3987 987 4054 auxilium
1008 3986 1098 4073 petiit
