2758 4726
467 261 680 318 TIMOLEON.
1048 256 1089 319 ll

50 377 225 443 Crinisum
242 377 361 440 flumen
378 375 502 460 fugavit
518 398 556 440 ao
575 376 655 440 sctis
671 374 786 439 habere
803 380 915 464 codgit,
934 382 963 446 si
978 382 1088 448 liceret

49 470 204 534 Africum
218 469 367 545 obtinere,
387 470 441 552 qui
458 469 521 532 iam
539 469 717 552 complures
736 491 836 532 annos
854 475 1087 552 possessionem

52 561 186 629 Siciliae
201 562 358 626 tenebant.
387 560 469 646 cepit
483 563 577 626 etiam
585 561 795 638 Mamercum,
806 562 952 626 Italicum
965 566 1085 646 ducem,

50 655 217 722 hominem
229 655 414 720 bellicosum
428 665 459 719 et
475 664 646 740 potentem,
665 655 721 739 qui
733 664 884 740 tyrannos
899 656 1041 722 adiutum
1054 661 1088 724 in

52 748 201 816 Siciliam
218 757 356 813 venerat
802 807 805 814 .

95 841 171 932 1ΙΠ.
200 841 325 924 Quibus
342 841 437 906 rebus
452 842 603 908 confectis
623 864 695 906 cum
711 851 840 927 propter
853 843 1088 910 diuturnitatem
1107 870 1120 914 1

51 934 132 1001 belli
148 957 212 999 non
234 935 336 1000 solum
352 937 513 1021 regiones,
537 936 706 1000 sedetiam
722 935 818 1000 urbes
841 936 983 1002 desertas
1001 937 1089 1002 vide-

50 1040 112 1107 ret,
133 1029 329 1112 conquisivit,
347 1049 427 1111 quos
445 1029 555 1113 potuit,
574 1030 711 1114 primum
722 1027 863 1107 Siculum
882 1030 956 1094 dein
975 1028 1089 1096 Corin·
1208 1108 1210 1110 Ι

51 1123 110 1186 tho
129 1123 293 1187 arcessivit
310 1123 447 1200 colonos,
466 1124 552 1206 quod
569 1123 610 1188 ab
627 1123 677 1186 his
695 1123 783 1188 initio
803 1121 981 1208 Syracusae
999 1135 1088 1190 crant

52 1212 217 1281 conditae:
237 1215 360 1281 civibus
370 1217 529 1282 veteribus
544 1237 602 1280 sua
613 1216 759 1292 restituit,
777 1219 867 1282 novis
881 1219 963 1284 bello
973 1242 1088 1286 vacue-
1105 1240 1127 1306 2¹

51 1309 157 1374 factas
175 1309 395 1394 possessiones
413 1309 537 1386 divisitg
558 1307 684 1372 urbium
707 1310 832 1373 moenia
849 1311 981 1375 disiecta
997 1313 1086 1378 fana-

51 1424 117 1484 que
127 1403 252 1467 deserta
260 1402 382 1480 refecit3
401 1401 580 1468 civitatibus
588 1401 677 1486 leges
687 1401 929 1485 libertatemque
937 1403 1087 1482 reddidit3
1152 1458 1157 1464 .

51 1517 96 1558 ex
118 1497 257 1560 maximo
279 1495 361 1560 bello
384 1505 506 1560 tantum
527 1495 627 1560 otium
648 1504 732 1559 totae
753 1495 876 1560 insulae
899 1497 1086 1574 conciliavit,

4 1657 5 1662 γ
49 1598 90 1652 ut
107 1589 161 1652 hic
179 1591 321 1655 conditor
337 1590 462 1655 urbium
481 1611 597 1666 aarum,
616 1611 680 1653 non
696 1587 751 1665 illi,
771 1589 826 1672 qui
842 1589 930 1654 initio
949 1591 1091 1657 deduxa

5 1755 6 1758 Ἴ
48 1691 137 1758 rant,
155 1683 322 1747 videretur.
349 1705 454 1748 arcem
473 1682 654 1769 Syracusis,
677 1703 773 1766 quam
791 1683 946 1746 munierat
962 1681 1087 1768 Diony·
1105 1705 1120 1750 3

4 1817 10 1849 z
49 1775 123 1840 sius
142 1776 184 1840 ad
202 1775 311 1841 urbem
329 1777 544 1854 obsidendam,
564 1801 584 1842 a
600 1777 813 1842 fundamentis
832 1777 963 1855 disiecit,
983 1787 1087 1843 cetera

4 1907 12 1943 ς
50 1869 229 1952 tyrannidis
251 1871 488 1956 propugnacula
509 1870 676 1935 demolitus
705 1881 754 1936 est
775 1871 924 1954 deditque
946 1893 1083 1956 operam,

4 2001 18 2020 =.
50 1973 202 2045 utquam
218 1961 346 2027 minime
364 1964 463 2029 multa
480 1964 618 2050 vestigia
633 1965 792 2046 servitutis
814 1973 984 2029 manerent.
1013 1983 1120 2028 cum4
1228 2035 1238 2042 ,

4 2091 12 2127 ,a
50 2055 147 2118 tantis
166 2065 251 2120 esset
269 2056 397 2140 opibus,
415 2067 452 2120 ut
469 2058 564 2121 etiam
581 2057 689 2120 invitis
706 2057 861 2139 imperare
878 2067 996 2140 posset,
1015 2066 1085 2121 tan·

4 2185 7 2220 :
49 2156 121 2210 tum
139 2157 246 2211 autem
264 2171 404 2212 amorem
424 2148 555 2212 haberet
572 2149 713 2242 omnium
732 2145 922 2224 Siculorum,
944 2159 981 2210 ut
997 2149 1084 2212 nullo

4 2279 6 2313 r
48 2249 221 2304 recusante
242 2261 376 2324 regnum
393 2239 548 2316 obtinere,
571 2239 682 2302 maluit
700 2261 734 2302 se
757 2239 846 2323 diligi
863 2259 959 2321 quam
976 2240 1084 2302 metui.

4 2397 6 2414 ,
47 2333 163 2413 itaque
181 2333 406 2416 cumprimum
423 2333 534 2416 potuit,
553 2332 719 2416 imperium
732 2332 879 2416 deposuit
892 2332 1083 2416 captivatus

51 2422 236 2506 Syracusis,
256 2426 341 2507 quod
357 2427 513 2508 reliquum
530 2427 614 2490 vitae
632 2426 700 2502 fuit,
719 2427 806 2488 vixit.
834 2447 936 2508 neque
954 2448 1028 2491 vero
1049 2427 1083 2491 id
1102 2447 1117 2493 5

49 2517 198 2600 impetite
216 2517 300 2582 fecit.
327 2520 401 2584 na'r'n
419 2510 504 2602 quod
526 2520 621 2583 ceteri
642 2539 733 2604 reges
756 2520 887 2604 imperio
904 2529 1082 2604 potuerunt,
1174 2595 1178 2606 κ

49 2609 104 2674 hic
127 2608 345 2676 benevolentia
366 2612 474 2676 tenuit.
509 2611 615 2676 nullus
632 2612 733 2676 honos
751 2612 826 2674 huic
843 2612 957 2687 defuit,
980 2633 1084 2694 neque

51 2713 164 2788 postea
185 2725 236 2768 res
255 2704 319 2768 ulla
338 2703 507 2789 Syracusis
525 2714 616 2791 gesta
633 2713 682 2768 est
698 2704 838 2788 publice,
856 2703 897 2765 de
915 2725 978 2784 qua
995 2703 1083 2786 prius

53 2795 95 2860 sit
113 2797 273 2861 decretum
290 2820 386 2880 quam
395 2798 602 2862 Timoleontis
622 2797 777 2862 sententia
795 2795 930 2880 cognita.
965 2797 1081 2862 nullius
1101 2818 1115 2863 c

53 2912 204 2973 umquam
217 2889 382 2955 consilium
399 2913 463 2955 non
476 2892 571 2956 modo
589 2891 768 2967 antelatum,
788 2891 845 2953 sed
862 2911 902 2953 ne
920 2911 1082 2975 compara—

7 3040 10 3052 ,
56 2991 123 3045 tum
139 2984 267 3066 quidem
286 2993 342 3048 est.
369 3005 471 3068 neque
489 2985 523 3048 id
540 2985 642 3070 magis
660 2983 877 3048 benevolentia
895 2981 1014 3048 factum
1032 2992 1082 3048 est

58 3095 151 3156 quam
166 3077 341 3160 prudentia.
567 3151 576 3162 ό
665 3139 668 3149 ,
1115 3089 1121 3100 “

107 3167 163 3232 IV.
199 3170 264 3234 Hic
290 3191 364 3234 cum
390 3179 491 3236 aetate
517 3172 581 3234 iam
606 3178 773 3255 provectus
801 3178 898 3247 esset,
927 3170 994 3234 sine
1016 3169 1113 3234 ullor

53 3260 163 3326 morbo
190 3263 309 3328 lumina
335 3265 497 3328 oculorum
524 3265 637 3328 amisit.
674 3287 769 3348 quam
796 3264 1006 3328 calamitatem
1035 3263 1081 3324 ita

56 3355 213 3420 moderate
231 3357 310 3435 tulit,
329 3367 365 3421 ut
382 3379 484 3442 neque
502 3381 575 3422 eum
588 3367 770 3441 querentem
788 3358 956 3446 quisquam
974 3354 1081 3416 audie-

54 3446 105 3522 rit,
124 3470 223 3533 neque
242 3473 278 3515 eo
296 3451 399 3516 minus
409 3452 547 3536 ,privatis
564 3452 761 3537 publicisque
778 3450 873 3514 rebus
895 3445 1078 3510 interfuerit.

54 3539 200 3607 veniebat
217 3551 322 3608 autem
338 3545 372 3608 in
389 3544 555 3623 theatrum,
575 3568 648 3609 cum
660 3545 705 3609 ibi
718 3543 885 3608 concilium
901 3540 1011 3626 populi
1023 3540 1080 3604 ha-
1098 3557 1113 3602 2
1224 3533 1227 3540 ’

53 3631 187 3713 beretur,
206 3647 333 3722 propter
345 3639 556 3703 valetudinem
570 3648 678 3704 vectus
696 3636 844 3701 iumentis
857 3635 972 3700 iunctis
985 3643 1079 3714 atque

52 3726 98 3790 ita
114 3728 152 3792 de
170 3731 315 3796 vehiculo
321 3779 329 3809 ,
354 3752 434 3816 quae
453 3733 653 3809 videbantur,
673 3731 806 3794 diceba-t.
837 3749 939 3809 neque
956 3725 1017 3786 hoc
1033 3721 1080 3785 illi

53 3821 220 3906 quisquam
238 3826 395 3892 tribuebat
413 3827 592 3912 superbiae:
611 3826 689 3890 nihil
707 3825 791 3888 enim
807 3841 959 3902 umquam
976 3837 1079 3898 neque

52 3912 189 3982 insolens
211 3941 313 4003 neque
335 3921 508 4005 gloriosum
530 3943 570 3984 ex
587 3940 640 3982 oro
658 3917 726 3980 eius
749 3913 833 3976 exiit.
868 3909 1077 3994 quiquidem,
1097 3931 1113 3976 3

53 4029 125 4075 cum
143 4035 218 4078 suas
236 4013 346 4078 laudes
369 4015 490 4080 audiret
506 4009 688 4100 praedicari,
707 4025 880 4088 numquam
898 4001 984 4069 aliud
1001 4002 1081 4068 dixit
