2732 4722
300 287 343 354 24
635 291 819 352 CORNELII
831 289 996 350 NEPOTIS

301 437 374 480 eum
392 412 597 487 devoverant,
619 410 765 495 pilaeque
782 407 868 485 illae,
892 405 1058 491 inquibus
1081 407 1205 472 devotio
1227 408 1339 478 fuerat

302 509 426 593 scripta,
445 507 479 570 in
496 527 582 570 mare
600 505 830 590 praecipitatae.

212 651 216 659 .
268 627 282 673 1
352 602 428 667 VII.
460 600 552 665 Haec
569 598 729 664 Alcibiadi
749 596 868 661 laetitia
888 617 952 660 non
973 595 1067 660 nimis
1089 596 1151 660 fuit
1172 597 1335 666 diuturna.

301 719 376 762 nam
399 717 471 760 cum
494 695 523 759 ei
550 715 659 758 omnes
681 701 789 756 essent
814 690 950 755 honores
978 691 1095 755 decreti
1124 700 1252 775 totaque
1277 717 1336 760 res

299 791 428 876 publica
444 789 530 853 domi
548 786 683 868 bellique
701 785 829 861 tradita,
848 793 884 848 ut
900 783 994 847 unius
1012 783 1140 848 arbitrio
1157 796 1336 870 gereretur,

301 885 418 968 etipse
436 880 635 967 postulasset,
654 887 690 941 ut
702 878 765 941 duo
783 876 844 942 sibi
862 876 1001 962 collegae
1014 877 1170 955 darentur,
1189 877 1339 966 Thrasy.

300 978 394 1043 bulus
414 985 445 1041 et
461 974 667 1050 Adimantus,
695 993 798 1054 neque
819 971 853 1036 id
874 981 1025 1057 negatum
1047 981 1145 1050 esset,
1172 972 1274 1038 classe
1297 977 1336 1041 in

300 1071 415 1135 Asiam
437 1067 611 1154 profectus,
634 1066 720 1150 quod
741 1065 827 1150 apud
845 1063 968 1149 Cymen
990 1066 1095 1130 minus
1113 1087 1153 1132 ex
1176 1070 1337 1134 sententia

266 1185 367 1232 arem
389 1170 543 1248 gesserat,
575 1161 608 1224 in
629 1159 781 1224 invidiam
802 1158 921 1224 recidit.
957 1159 1035 1224 nihil
1058 1160 1142 1224 enim
1168 1182 1240 1224 eum
1267 1185 1336 1228 non

302 1257 426 1321 efficere
448 1277 544 1340 posse
567 1254 733 1320 ducebant.
766 1275 806 1318 ex
828 1274 891 1336 quo
911 1251 1020 1331 fiebat,
1043 1262 1080 1318 ut
1102 1254 1208 1319 omnia
1223 1255 1336 1322 minus

299 1373 449 1436 prospere
467 1357 559 1436 gesta
577 1346 675 1436 [eius]
695 1347 806 1433 culpae
823 1345 1002 1426 tribuerent,
1021 1369 1185 1413 cumeum
1202 1358 1257 1413 aut
1274 1373 1339 1415 ne-

301 1443 422 1530 gligent
424 1465 457 1508 er
410 1451 528 1508 taut
541 1443 696 1507 malitiose
708 1441 823 1506 fecisse
840 1441 1053 1526 loquerentur3
1074 1441 1155 1506 sient
1167 1449 1233 1506 tum
1245 1445 1341 1506 aeci-

301 1537 357 1600 dit.
384 1559 459 1601 nam
477 1544 659 1618 corruptum
673 1557 692 1596 a
704 1555 780 1620 rege
798 1555 909 1618 capere
919 1533 1043 1620 Cymen
1059 1533 1199 1601 noluisse
1216 1555 1339 1646 argue-

268 1652 283 1698 3
300 1631 385 1695 bant
417 1631 522 1712 itaque
544 1628 618 1690 huic
639 1627 776 1690 maxime
797 1637 946 1710 putamus
969 1629 1052 1692 malo
1073 1627 1174 1695 fuisse
1199 1629 1339 1694 nimiam

302 1723 481 1808 opinionem
498 1718 617 1804 ingenii
635 1727 729 1799 atque
746 1719 879 1782 virtutis.
907 1721 1076 1786 timebatur
1093 1724 1177 1786 enim
1193 1745 1259 1787 non
1271 1726 1338 1788 mi-

300 1839 362 1880 nus
380 1837 475 1897 quam
492 1810 642 1894 diligebat
643 1831 689 1884 ur,
708 1831 748 1872 ne
766 1811 904 1873 secunda
921 1812 1048 1878 fortuna
1060 1807 1249 1900 magnisque
1263 1818 1340 1900 opi·
1359 1859 1360 1894 ι

300 1909 361 1972 bus
377 1908 438 1968 elat
426 1915 476 1966 tua
490 1903 686 1985 tyrannidem
700 1901 943 1985 concupisceret.
970 1905 1085 1986 quibus
1098 1908 1194 1972 rebus
1208 1909 1276 1973 fact
1263 1919 1341 1974 tum

391 1995 571 2060 rrtabsenti
593 1994 745 2081 magistra
709 2003 812 2059 ratum
835 1994 1073 2080 abrogarentet
1060 1999 1218 2064 talium
1208 2025 1242 2064 m
1261 2005 1343 2068 eius

266 2091 406 2158 rlocum
421 2088 543 2155 substit
531 2098 662 2154 tuerent.
640 2087 731 2152 tid
757 2088 872 2152 illet
836 2098 872 2152 ut
897 2089 1030 2166 audivit,
1057 2089 1185 2154 domum
1211 2098 1346 2160 reverti

299 2185 400 2250 noluit
387 2193 454 2248 tet
472 2205 505 2249 se
523 2182 666 2268 Pactyen
688 2191 759 2246 cont
747 2181 818 2246 tulit
805 2167 941 2265 tibique
962 2183 1022 2247 tria
1040 2183 1168 2248 castella
1185 2205 1348 2250 commu
1359 2185 1360 2226 ³

250 2269 254 2276 ⁸
299 2279 370 2356 niit,
345 2277 536 2354 t,Bornos
564 2276 755 2353 Bizanthen‚
781 2274 989 2352 Neontichos,
1015 2297 1172 2358 manuque
1199 2274 1360 2343 collecta*

299 2374 420 2457 primus
444 2369 636 2435 Graecae'
610 2371 671 2434 ervi
672 2371 744 2434 tatis
767 2371 800 2433 in
818 2369 1051 2434 Thraciamt
1005 2393 1038 2433 ιιι
1039 2369 1136 2446 troiit,
1160 2368 1338 2454 gloriosius

300 2464 483 2529 existimans
502 2461 705 2526 barbarorum
718 2463 837 2545 praeda
848 2462 1031 2546 locupletari
1045 2484 1141 2546 quam
1151 2461 1336 2528 Graiorum.

267 2579 364 2642 aqua
390 2577 489 2620 exre
515 2563 656 2619 creverat:
682 2574 754 2618 eum
780 2554 905 2618 famat
892 2564 960 2618 tum
982 2556 1095 2640 opibus
1117 2577 1335 2643 magnamque

301 2651 470 2716 amicitiam
489 2648 550 2714 sibi
562 2669 634 2711 cum
644 2646 833 2730 quibusdam
850 2637 978 2733 'regibus
988 2649 1142 2714 Thraciae
1154 2663 1334 2735 pepererat.

267 2767 281 2811 1
352 2743 447 2808 VIII.
474 2741 585 2824 Neque
607 2751 713 2804 tamen
730 2763 750 2807 a
767 2740 895 2804 caritate
916 2742 1036 2825 patriae
1053 2743 1156 2826 potuit
1171 2744 1333 2808 recedere.

189 2851 195 2856 ·
301 2859 376 2900 nam
394 2859 466 2900 eum
489 2835 575 2919 apud
591 2833 702 2926 Aegos
723 2834 840 2898 flumen
857 2833 1030 2913 Philocles,
1052 2845 1178 2921 praetor
1193 2835 1334 2902 Atheni-

301 2930 438 3006 ensium,
462 2929 597 2992 classem
614 2929 829 2993 constituisset
847 2952 951 3008 suam,
970 2953 1072 3015 neque
1089 2932 1184 3018 longe
1202 2932 1331 2998 abesset

194 3062 198 3067 -
300 3023 478 3106 Lysander,
497 3022 964 3107 praetorLaeedaemoniorum,
982 3026 1087 3108 quiin
1105 3047 1143 3090 eo
1157 3035 1223 3090 erat
1234 3047 1332 3091 occu·

299 3126 404 3202 patus,
423 3127 458 3181 ut
475 3117 594 3181 bellum
612 3137 707 3199 quam
725 3117 902 3182 diutissime
919 3119 1056 3196 duceret,
1075 3119 1160 3202 quod
1176 3119 1256 3203 ipsis
1275 3141 1331 3204 pe·

301 3212 394 3274 cunia
412 3234 431 3274 a
447 3233 523 3295 rege
541 3211 808 3296 suppeditabatur,
828 3223 936 3277 contra
943 3211 1191 3279 Atheniensibus
1210 3215 1332 3280 exhau-
1358 3223 1359 3276 l

267 3323 282 3369 2
302 3305 358 3368 stis
376 3303 499 3388 praeter
516 3327 603 3367 arma
620 3314 652 3368 et
668 3327 766 3370 naves
783 3305 861 3368 nihil
879 3314 944 3369 erat
963 3327 1069 3390 super,
1088 3306 1274 3373 Alcibiades
1289 3308 1329 3372 ad
1358 3297 1359 3365 l

301 3397 473 3461 exercitum
482 3397 567 3461 venit
575 3396 818 3462 Atheniensium
832 3398 937 3480 ibique
950 3409 1114 3483 praesente
1123 3402 1220 3488 vulgo
1233 3423 1329 3490 agere

244 3567 251 3576 ι
301 3490 417 3574 coepit,
441 3491 468 3555 si
485 3492 614 3569 vellent,
635 3514 668 3555 se
687 3499 868 3554 coacturum
884 3492 1089 3578 Lysandrum
1106 3495 1257 3561 dimicare
1276 3503 1327 3560 aut

300 3603 411 3668 paoem
428 3595 549 3671 petere3
569 3585 702 3668 spondet
709 3583 980 3652 Lacedaemonios
995 3607 1032 3652 eo
1045 3588 1129 3653 nolle
1142 3589 1245 3654 classe
1257 3611 1329 3655 con-

301 3677 422 3766 fligere,
446 3679 530 3761 quod
547 3675 747 3759 pedestribus
770 3677 868 3762 copiis
886 3679 957 3764 plus
976 3702 1072 3764 quam
1088 3682 1224 3747 navibus
1243 3683 1328 3747 vale·

197 3831 200 3840 ,
267 3781 382 3848 ιιιιιι;
410 3769 471 3832 sibi
493 3777 598 3832 autem
620 3789 691 3832 esse
713 3769 820 3848 facile,
845 3769 1000 3853 Seuthen,
1027 3795 1136 3862 regem
1154 3775 1326 3850 Thracum,

301 3865 465 3938 deducere,
484 3869 520 3924 ut
537 3882 592 3926 eos
611 3870 693 3927 terra
706 3863 875 3950 depelleret
880 3890 890 3945 ;
908 3887 970 3951 quo
983 3868 1067 3934 sacto
1080 3869 1261 3934 necessario
1275 3877 1326 3933 aut

265 3979 283 4024 4
301 3957 401 4019 classe
415 3955 631 4022 conflicturum
648 3967 702 4022 aut
715 3958 833 4024 bellum
847 3963 1102 4046 compositurum.
1128 3964 1162 4027 id
1180 3963 1241 4028 etsi
1254 3981 1325 4027 vere

300 4048 417 4112 dictum
435 4047 593 4116 Philocles
615 4052 896 4132 animadvertebat,
919 4065 1024 4121 tamen
1046 4057 1205 4142 postulata
1222 4056 1326 4122 faeere
