2758 4726
206 263 210 266 ’
281 285 452 328 onsonrrrro
471 285 629 328 momorum
646 286 744 327 snnuu
762 286 925 328 onsrsnuu.
1094 251 1158 330 103

50 398 156 518 omchgn·
167 457 205 512 Μ.
216 455 286 512 Cato
298 472 332 510 ex
341 456 483 527 Hispania
491 456 647 525 triumphat
662 456 719 508 Cot.
728 454 754 524 4,
766 455 790 508 1.

69 539 122 593 193
167 533 314 589 Hannibal
323 534 445 587 navibus
455 534 492 586 ad
501 531 627 586 Africam
637 531 750 586 accedit
766 532 857 585 Hono.
867 533 893 600 8,
903 533 929 586 2.

70 616 123 670 192
167 611 325 665 Antiochus
339 610 376 664 ab
386 608 549 664 Hannibale
563 609 601 663 ad
615 608 723 663 bellum
733 613 832 662 contra
841 609 987 664 Romanos
997 609 1160 664 concitatur

202 689 292 740 Hanc.
303 687 328 755 8,
339 686 364 738 3.
560 733 571 740 .

70 767 122 823 191
168 763 315 819 Hannibal
325 759 569 829 contralthodios,
580 760 996 831 sociosRomanorum,pugnat
1004 761 1157 832 Honn.8,4.

168 840 325 894 Antiochus
336 839 373 892 ad
383 838 592 908 Thermopylas
603 842 753 907 superatur
766 838 856 890 Hono.
867 839 892 906 8,
902 837 927 891 3.

71 921 125 976 190
168 916 315 972 Hannibal
328 913 471 968 Antiocho
490 915 566 968 victo
585 915 623 967 ad
640 913 771 966 Prusiam
790 913 920 984 confugit
936 915 1026 968 Hono.
1040 915 1057 970 9
1072 919 1102 970 et
1114 916 1157 970 10.

205 991 311 1047 Contra
319 991 474 1045 Eumenem
483 995 594 1060 pugnat
612 989 646 1042 10
656 993 685 1042 et
694 989 735 1042 11.

71 1073 124 1128 182
168 1069 316 1126 Hannibal
326 1073 437 1137 sumpto
448 1084 558 1120 veneno
569 1065 676 1120 occidit
692 1065 783 1120 Hanc.
793 1065 836 1136 12,
846 1065 862 1118 5
872 1072 901 1122 et
910 1067 951 1120 13.

71 1149 124 1204 149
168 1147 207 1201 M.
217 1144 288 1200 Cato
298 1143 416 1198 moritur
434 1144 491 1196 Cot.
501 1143 526 1211 3,
536 1142 561 1196 4.

89 1226 125 1280 88
169 1224 202 1277 Ρ.
213 1221 364 1291 Sulpicius,
375 1220 505 1274 tribunus
515 1217 601 1288 plebi,
614 1217 753 1271 occiditur
769 1219 859 1288 Aret,
871 1220 895 1274 1.

88 1302 124 1356 87
170 1299 282 1353 Atticus
293 1314 323 1352 se
334 1296 446 1350 confert
454 1293 583 1350 Athenas
602 1296 656 1348 Au.
665 1295 690 1362 2,
701 1295 726 1347 2.

89 1376 126 1431 84
171 1375 250 1430 Sulla
260 1391 293 1428 ex
303 1371 373 1427 Asia
381 1373 495 1427 rediens
505 1372 584 1426 venit
592 1368 720 1424 Athenas
738 1370 828 1439 Aron
839 1371 864 1426 1.

89 1449 125 1507 65
169 1451 281 1506 Atticus
291 1448 412 1503 Athenis
421 1449 541 1502 Romam
550 1447 700 1503 revertitur
717 1448 770 1500 Art.
779 1447 805 1518 4,
815 1446 840 1502 5.

90 1527 126 1582 63
170 1529 208 1582 Μ.
218 1526 317 1580 Cicero
327 1526 436 1580 Romae
447 1525 549 1579 consul
567 1525 620 1589 Ate.
631 1523 673 1592 18,
683 1523 708 1576 6.

91 1605 126 1658 61
172 1605 204 1669 Q.
215 1603 314 1658 Cicero
323 1608 493 1673 propraetor
501 1600 587 1656 Asiae
606 1603 660 1653 Arr.
670 1601 695 1669 6,
705 1599 731 1654 5.

92 1680 129 1733 58
170 1681 207 1734 M.
217 1680 317 1734 Cicero
327 1677 357 1732 in
367 1678 481 1734 exilium
490 1677 552 1732 abit
569 1678 623 1730 Ac.
633 1676 659 1744 4,
669 1675 694 1730 5.

93 1755 129 1809 49
170 1757 281 1811 Bellum
292 1755 374 1810 civile
383 1755 456 1809 inter
467 1753 497 1808 0.
508 1752 659 1808 Caesarem
669 1757 698 1806 et
707 1750 757 1806 Cn.
766 1752 934 1825 Pompeium
950 1756 1004 1810 Art.
1015 1756 1040 1826 7,
1051 1755 1076 1810 1.

89 1832 127 1887 48
169 1834 272 1903 Pugna
281 1831 448 1887 Pharsalica
465 1833 519 1884 Aer.
530 1831 554 1899 7,
565 1829 590 1882 3.

88 1908 127 1962 44
171 1908 201 1964 0.
213 1909 318 1964 Caesar
328 1908 468 1963 occiditur
478 1907 518 1980 (d.
530 1904 572 1959 15.
582 1913 670 1959 mcn's.
680 1905 775 1978 Mart.)
789 1907 878 1977 Aue,
889 1908 913 1962 1.
936 1906 1041 1962 Brutus
1052 1914 1082 1962 et
1091 1905 1160 1964 Cas·
1177 1923 1180 1940 ¹

206 1986 274 2054 sius,
288 1985 486 2040 interfectores
501 1981 641 2051 Caesaris,
656 1980 783 2038 Antonio
799 1989 951 2054 superante
964 1985 994 2037 in
1008 1984 1159 2040 Graeciam

5 2101 8 2109 ι
205 2068 234 2117 et
243 2061 353 2132 Syriam
363 2063 470 2116 abeunt
486 2061 541 2112 Art.
550 2059 575 2112 8.
802 2115 804 2120 ,

1 2173 7 2197 ,1
88 2138 126 2192 43
170 2139 210 2192 M.
219 2138 362 2191 Antonius
381 2137 457 2191 cedit
470 2135 555 2190 Italia
572 2137 626 2190 Au.
639 2136 665 2204 9,
676 2136 700 2188 2.
730 2135 857 2190 Mutinae
872 2136 1032 2204 obsidetur3
1050 2138 1158 2192 bellum

205 2213 369 2267 Mutinense
378 2214 404 2280 9,
414 2213 441 2265 1.
464 2211 613 2280 Antonius,
627 2211 764 2282 Lepidus,
776 2211 949 2266 Octavianus
963 2211 1100 2264 triumviri
1113 2215 1156 2281 10,

207 2290 233 2341 1.
248 2289 290 2356 12,
300 2289 325 2340 2.
342 2288 449 2342 Eorum
462 2288 682 2360 proscriptiones
701 2289 743 2357 10,
754 2289 778 2342 2.
793 2289 833 2356 12,
844 2288 868 2342 3.
895 2286 985 2342 Attici
998 2293 1158 2344 matermo-

210 2364 329 2433 thurii,
341 2364 364 2418 1.

0 2437 1 2480 l
95 2439 132 2493 42
175 2441 317 2495 Proelium
325 2440 517 2510 Philippense,
527 2440 557 2494 in
567 2457 624 2513 quo
635 2441 741 2496 cadunt
749 2441 854 2496 Brutus
865 2440 1014 2496 cthssius
1023 2441 1160 2512 Au.11,2.

92 2517 132 2569 32
173 2515 284 2571 Atticus
293 2518 410 2572 moritur
425 2519 479 2572 Αιι.
489 2519 531 2584 22,
540 2519 566 2573 3.
