2732 4722
449 269 685 326 IPHICRATES.
1043 265 1084 328 37

55 391 132 454 dere
154 388 307 465 detracto,
335 387 422 470 quod
444 407 544 468 aeque
567 405 681 468 corpus
704 393 822 470 tegeret
844 396 875 450 et
895 389 965 454 leve
992 399 1086 468 esset,

55 482 188 546 curavit.
750 488 753 496 '

107 574 152 638 Π.
180 574 307 638 Bellum
333 595 405 638 cum
428 571 604 636 Thracibus
631 572 744 657 gessit,
774 569 939 648 Seuthem,
967 576 1119 644 socium1

54 666 309 744 Atheniensium,
327 667 362 729 iri
374 688 507 752 regnum
524 665 669 730 restituit.
698 664 784 749 apud
798 663 986 729 Corinthum
1002 676 1087 732 tanta

56 761 222 826 severitate
245 760 394 824 exercitui
415 759 564 844 praefuit,
587 769 622 822 ut
643 758 747 824 nullae
768 779 921 842 umquam
938 760 972 824 in
990 757 1089 826 Grae-

55 856 106 920 cia
122 875 225 937 neque
243 854 474 918 exercitatiores
489 853 597 936 copiae
615 874 717 934 neque
735 852 838 937 magis
857 853 942 918 dicto
960 853 1091 918 audien-s

56 959 104 1012 tes
126 947 243 1011 fuerim
265 947 351 1023 duci,
379 947 413 1010 in
435 967 567 1028 eamque
589 945 848 1010 cousuetudinem
871 947 1015 1025 adduxit,
1043 956 1121 1025 utu

57 1065 129 1107 cum
141 1041 251 1126 proelii
269 1041 395 1127 siguum
414 1040 453 1105 ab
472 1041 657 1124 imperatore
676 1049 760 1104 esset
773 1041 891 1118 datum,
912 1041 979 1106 sine
998 1041 1087 1107 ducis

59 1156 153 1219 opera
170 1134 216 1198 sic
233 1135 394 1199 ordinatae
412 1135 631 1210 consisterent,
650 1142 686 1195 ut
704 1133 820 1218 singuli
837 1134 877 1198 ab
895 1135 1087 1218 peritissimo

57 1229 244 1312 imperatore
266 1227 411 1312 dispositi
433 1227 621 1290 viderentur.
648 1224 709 1288 hoc
727 1226 865 1290 exercitu
881 1249 1003 1292 moram
1020 1228 1087 1292 La-
1106 1245 1121 1291 3

57 1321 330 1386 cedaemoniornm
352 1320 520 1396 interfecit,
544 1318 630 1401 quod
651 1318 788 1381 maxime
810 1327 875 1382 tota
897 1320 1087 1386 celebratum
1158 1320 1161 1332 ¹

57 1422 106 1478 est
125 1411 268 1479 Graecia.
295 1414 412 1476 iterum
429 1413 541 1476 eodem
557 1411 641 1474 bello
659 1431 769 1474 omnes
788 1412 893 1495 copias
912 1433 1022 1476 eorum
1038 1413 1089 1476 fu-

56 1507 159 1594 gavit3
182 1529 245 1589 quo
267 1505 352 1570 facto
370 1527 518 1590 magnam
541 1504 673 1588 adeptus
696 1513 758 1567 est'
764 1504 907 1589 gloriam.
936 1525 1008 1570 cum
1025 1503 1123 1572 Arai

56 1612 203 1663 taxerxes
221 1597 384 1684 Aegyptio
406 1597 474 1682 regi
491 1596 609 1660 bellum
630 1596 745 1660 inferre
762 1596 875 1673 voluit,
897 1597 1089 1680 Iphicratem

58 1692 100 1754 ab
123 1690 371 1755 Atheniensibus
395 1691 507 1754 ducem
527 1689 651 1774 petivit,
678 1711 774 1772 quem
794 1690 977 1774 praeficeret
999 1713 1088 1758 exer-

58 1782 137 1846 citui
160 1784 367 1861 conducticio,
395 1785 484 1848 cuius
506 1782 654 1848 numerus
682 1784 848 1847 duodecim
873 1784 995 1848 milium
1017 1783 1087 1848 fuit.

1 1938 3 1945 ,
56 1895 152 1958 quem
179 1877 306 1958 quidem
333 1877 378 1940 sic
403 1877 488 1940 omni
515 1876 680 1961 disciplina
710 1877 835 1940 militari
862 1877 1009 1954 erudivit,
1041 1886 1085 1952 ut,

56 1969 321 2050 quemadmodum
347 1971 507 2052 quondam
528 1969 663 2034 Fabiani
684 1969 798 2034 milites
820 1969 957 2034 Romani
979 1969 1087 2054 appel-

2 2109 8 2118 .
55 2061 111 2126 lati
128 2073 209 2140 sunt,
229 2065 275 2128 sic
293 2063 526 2147 Iphicratenses
543 2064 630 2146 apud
643 2060 783 2126 Graecos
801 2063 835 2124 in
853 2086 976 2126 summa
992 2063 1086 2128 laude

0 2191 7 2219 a
55 2155 181 2221 fuerint.
216 2157 307 2224 idem
325 2156 465 2220 subsidio
487 2155 751 2220 Lacedaemoniis
774 2155 933 2236 profectus
955 2155 1087 2237 Epami·
1105 2178 1121 2222 5

1 2303 2 2316 ,
55 2249 181 2314 noudae
197 2248 368 2312 retardavit
383 2248 539 2330 impetus·
559 2270 633 2310 nam
649 2247 712 2308 nisi
725 2247 793 2309 eius
808 2246 961 2310 adventus
975 2241 1087 2330 appro-
1149 2240 1151 2249 ’

54 2343 253 2426 pinquasset,
271 2362 333 2403 non
345 2341 432 2423 prius
448 2338 593 2418 Thebani
607 2336 723 2424 Sparta
735 2338 972 2417 abscessissent,
992 2361 1087 2422 quam

56 2441 184 2517 captam
201 2432 344 2496 incendio
362 2431 528 2496 delessent.

106 2526 170 2590 ΠΙ.
196 2527 272 2591 Fuit
289 2535 394 2590 autem
412 2536 443 2590 et
460 2527 565 2590 animo
587 2548 702 2612 magno
720 2535 752 2591 et
769 2548 897 2612 corpore
918 2529 1086 2612 imperato·
1105 2549 1119 2594 1
1230 2517 1237 2524 ’

53 2621 163 2703 riaque
186 2619 301 2696 forma,
324 2629 360 2682 ut
380 2619 450 2704 ipso
474 2628 603 2703 aspectu
625 2619 724 2684 cuivis
747 2620 886 2684 iniiceret
908 2621 1087 2687 admiratio-

54 2735 129 2776 nem
147 2712 210 2788 sui,
234 2713 291 2776 sed
308 2713 341 2775 in
354 2711 464 2776 labore
482 2713 574 2776 nimis
592 2713 743 2776 remissus
761 2733 935 2796 parumque
952 2711 1085 2796 patiens,

54 2815 91 2870 ut
103 2805 330 2890 Theopompus
347 2807 515 2870 memoriae
532 2806 678 2890 prodidit,
698 2805 800 2870 bonus
819 2828 894 2871 vero
913 2806 991 2872 civis
1009 2805 1086 2870 fide-

55 2921 118 2982 que
143 2923 268 2986 magna.
304 2901 391 2982 quod
417 2922 490 2964 cum
515 2900 549 2962 in
579 2900 648 2964 aliis
679 2899 774 2964 rebus
800 2900 985 2978 declaravit,
1017 2910 1119 2966 tuma

56 2992 193 3056 maxime
212 2993 247 3056 in
267 2991 428 3076 Amyntae
450 2992 636 3058 Macedonis
658 2993 764 3057 liberis
787 2995 922 3058 tuendis.
949 3015 1085 3074 namque

57 3081 231 3166 Eurydice,
253 3095 354 3150 mater
375 3085 545 3150 Perdiccae
568 3095 599 3150 et
615 3085 769 3167 Philippi,
793 3105 865 3146 cum
886 3085 937 3148 his
959 3084 1084 3146 duobus

53 3176 163 3260 pueris
173 3175 312 3262 Amynta
325 3187 449 3243 mortuo
463 3179 504 3242 ad
513 3178 704 3262 Iphicratem
718 3173 861 3258 confugit
874 3175 1004 3256 eiusque
1018 3174 1085 3256 opi-

54 3268 116 3334 bus
130 3269 260 3335 defensa
273 3281 330 3336 est.
357 3272 436 3336 vixit
453 3273 495 3336 ad
507 3278 701 3336 senectutem
713 3266 843 3352 placatis
856 3267 890 3330 iu
904 3288 938 3330 se
956 3287 1084 3330 suorum
1102 3285 1119 3332 3

57 3362 171 3426 civium
188 3364 310 3428 animis.
338 3387 484 3430 caussam
501 3364 612 3449 capitis
631 3361 730 3428 semel
747 3360 840 3438 dixit,
863 3359 947 3426 bello
965 3357 1082 3435 sociali,

56 3453 150 3518 simul
167 3477 239 3520 cum
257 3457 434 3535 Timotheo,
454 3479 553 3540 eoque
570 3456 686 3520 iudicio
706 3463 754 3520 est
771 3454 945 3518 absolutus.
971 3451 1083 3517 Mene-
1101 3474 1120 3529 4

53 3547 144 3612 sthea
161 3549 261 3612 filium
278 3551 402 3634 reliquit
420 3573 460 3614 ex
473 3550 612 3615 Thressa
629 3558 748 3626 natum,
768 3545 842 3612 Coti
858 3547 943 3633 regis
957 3546 1031 3612 filia.
1054 3547 1082 3610 is

54 3663 127 3704 cum
145 3641 402 3730 interrogaretur,
421 3654 526 3708 utrum
547 3643 645 3729 pluris
667 3651 788 3727 patrem
805 3649 977 3706 matremne
998 3639 1083 3702 face-

49 3744 109 3811 ret,
130 3735 322 3816 „Matrem,“
341 3740 450 3822 inquit
462 3734 465 3740 ’
478 3739 511 3802 id
529 3761 601 3803 cum
619 3738 764 3803 omnibus
783 3737 897 3800 mirum
914 3733 1081 3806 videretur,

51 3828 145 3905 „At“
168 3831 221 3895 ille
245 3833 415 3912 „merito‚“
442 3833 556 3914 inquit,
582 3831 697 3909 „facioz
723 3852 797 3893 nam
818 3837 907 3912 pater
931 3832 1107 3907 quantum.

50 3921 87 3983 in
110 3943 143 3987 se
165 3925 240 4005 fuit,
268 3927 424 3992 Thracem
446 3947 496 3990 me
523 3925 644 4009 genuit,
672 3931 781 3988 contra
802 3942 840 3984 ea
861 3925 961 3982 mater
981 3915 1083 3984 Athe-

47 4013 226 4084 niensem.“
