2758 4726
459 259 683 320 nsusmnus.
1040 252 1081 318 57

57 402 95 446 eo
108 381 307 465 potissimum
320 379 427 444 hostes
436 379 589 463 impetum
597 375 746 454 factmos,
766 400 873 446 omnes
888 403 961 448 suas
973 382 1081 468 copias

44 495 93 539 ‘eo
121 481 327 538 contraxerat.
363 482 395 538 at
416 471 588 558 Agesilaus
615 471 649 536 in
670 470 844 556 Phrygiam
870 495 903 538 se
930 477 1114 542 convertita

56 589 189 651 eamque
202 569 289 652 prius
304 568 510 652 depopulatus
525 576 582 643 est,
601 587 697 648 quam
708 566 935 650 Tissaphernes
948 559 1082 652 usquam

57 685 90 727 se
108 671 258 726 moveret.
284 684 401 746 magna
417 660 535 746 praeda
548 659 698 724 militibus
713 659 909 744 locupletatis
919 660 1083 746 Ephesum

56 756 230 820 hiematum
253 755 423 820 exercitum
445 754 571 818 reduxit
592 763 686 836 atque
704 752 749 818 ibi
772 753 907 818 officinis
926 777 1083 820 armorum

55 849 206 914 institutis
228 872 344 934 magna
365 848 519 912 industria
541 847 659 912 bellum
682 848 854 932 apparavit.
887 857 918 912 et
936 870 998 932 quo
1018 857 1085 912 stu-

56 944 176 1008 diosius
194 951 388 1008 armarentur
409 943 626 1028 insigniusque
645 952 836 1020 ornarentur,
854 941 995 1027 praemia
1011 965 1084 1028 pro-

56 1037 171 1121 posuit,
192 1036 306 1119 quibus
325 1037 528 1113 donarentur,
551 1058 684 1119 quorum
703 1037 831 1122 egregia
848 1036 880 1100 iu
899 1059 937 1101 ea
953 1059 988 1101 re
1006 1036 1085 1100 fuis-

58 1140 107 1194 set
124 1131 284 1196 industn'a.
312 1131 387 1195 fecit
404 1131 489 1194 idem
506 1131 540 1194 in
558 1130 812 1194 exercitationum
830 1129 1014 1216 generibus,
1037 1140 1082 1208 ut,
1102 1149 1118 1196 3

58 1224 113 1306 qui
131 1225 239 1288 ceteris
258 1225 500 1308 praestitissent,
520 1245 574 1288 eos
592 1223 716 1307 magnis
735 1223 873 1288 afficeret
890 1224 1082 1290 muneribus.

55 1317 106 1382 his
124 1319 220 1404 igitur
237 1317 332 1382 rebus
351 1317 468 1392 effecit,
491 1325 527 1380 ut
545 1325 575 1380 et
594 1315 827 1382 ornatissimum
845 1326 876 1380 et
894 1318 1084 1382 exercitatis-

58 1411 173 1474 simum
190 1409 321 1474 haberet
338 1409 518 1474 exercitum.
546 1408 619 1472 huic
638 1430 710 1472 cum
734 1417 857 1493 tempus
876 1418 960 1474 esset
980 1410 1084 1474 visum
1102 1429 1119 1477 t

55 1505 164 1590 copias
188 1503 350 1568 extrahere
373 1525 413 1567 ex
430 1502 654 1578 hibernaculis,
678 1502 765 1579 vidit,
790 1503 907 1586 si„quo
926 1512 1010 1567 esset
1026 1503 1085 1566 iter

54 1598 209 1674 facturus,
227 1598 333 1682 palam
342 1597 583 1682 pronuntiasset,
602 1595 710 1660 hostes
728 1619 792 1662 non
802 1597 973 1662 credituros
992 1597 1085 1661 alias-

54 1713 121 1773 que
146 1693 291 1776 regiones
321 1692 485 1776 praesidiis
511 1701 717 1775 occupaturos
743 1713 845 1774 neque
876 1691 1082 1767 dubitaturos,

54 1783 144 1846 aliud
159 1805 229 1847 esse
247 1784 403 1848 factumm
417 1807 454 1848 ac
466 1785 708 1870 pronuntiasset.
736 1785 841 1868 itaque
856 1806 935 1850 cum·
945 1785 998 1850 ille
1009 1781 1083 1849 Sar·
1101 1803 1118 1850 5

53 1876 104 1939 dis
126 1877 243 1940 iturum
266 1900 300 1941 se
319 1879 458 1955 dixisset,
478 1878 705 1964 Tissaphernes
729 1879 860 1944 eandem
880 1877 1007 1944 Cariam
1029 1878 1084 1942 de-

53 1970 245 2036 fendendam
271 1973 401 2057 putavit.
441 1973 475 2038 in
501 1995 563 2057 quo
590 1996 663 2038 cum
689 1996 761 2038 eum
787 1974 892 2059 opinio
918 1973 1084 2038 fefellisset

2 2107 12 2141 ,ς
53 2064 235 2148 victumque
258 2089 291 2130 se
309 2067 441 2132 vidisset
463 2067 607 2141 consili0,
631 2089 701 2129 sero
720 2067 785 2130 suis
803 2067 959 2149 praesidio
977 2067 1082 2150 profe-

2 2207 11 2234 ,
52 2166 124 2222 ctus
148 2169 211 2232 est,
242 2181 316 2224 nam
339 2181 412 2222 cum
434 2158 488 2220 illo
510 2159 663 2232 venisset,
690 2157 754 2218 iam
777 2156 949 2239 Agesilaus
975 2159 1082 2220 multis

2 2325 4 2328 y
50 2251 132 2316 locis
152 2251 340 2333 expugnatis
358 2272 475 2333 magna
492 2258 562 2314 erat
579 2249 697 2332 praeda
714 2248 841 2332 potitus.
860 2247 950 2310 Laco
969 2256 1082 2324 autem,
1101 2269 1118 2316 s

51 2367 130 2408 cum
147 2343 268 2404 videret
285 2341 392 2405 hostes
407 2341 547 2424 equitatu
565 2363 721 2425 superare,
740 2362 911 2424 numquam
924 2339 958 2403 in
972 2361 1084 2425 campo

52 2435 107 2499 sui
126 2434 201 2498 fecit
217 2445 404 2518 potestatem
427 2445 457 2498 et
479 2436 518 2500 iis
535 2435 613 2500 locis
631 2459 759 2499 manum
778 2435 947 2512 conseruit,
967 2435 1082 2520 quibus

48 2527 127 2614 plus
145 2527 307 2611 pedestres
326 2529 434 2613 copiae
452 2529 599 2592 valerent.
627 2530 749 2614 pepulit
767 2551 851 2616 ergo,
870 2529 1083 2613 quotiescum-

50 2643 115 2704 que
134 2643 324 2706 oongressus
347 2631 408 2699 est,
432 2622 531 2686 multo
549 2623 682 2688 maiores
701 2624 951 2688 adversariorum
973 2624 1080 2707 copias

52 2724 85 2778 et
108 2714 153 2778 sic
176 2715 209 2778 in
226 2713 308 2780 Asia
328 2725 471 2780 versatus
495 2725 552 2794 est,
579 2727 615 2780 ut
642 2717 781 2780 omnium
807 2717 956 2802 opinione
982 2715 1083 2780 victor

52 2809 228 2874 duceretur.

104 2902 164 2968 IV.
192 2902 257 2968 Hic
275 2925 348 2968 oum
365 2903 428 2968 iam
446 2904 551 2968 animo
568 2903 771 2969 meditaretur
787 2905 944 2990 proficisci
961 2905 1081 2970 inPcr-
1099 2924 1113 2972 1

56 3020 109 3062 sas
127 3007 156 3062 et
173 2999 278 3083 ipsum
299 3020 407 3083 regem
426 2998 549 3075 adoriri,
572 3000 700 3064 nuntius
724 3001 752 3063 ei
770 3000 862 3064 domo
881 3001 966 3064 venit
984 3001 1081 3086 epho-
1162 3037 1165 3048 ·

55 3111 161 3155 rorum
184 3093 299 3170 missu,
332 3092 449 3156 bellum
471 3092 684 3158 Athenienses
711 3103 743 3156 et
764 3094 902 3157 Boeotos
928 3094 1080 3158 indixisse

52 3179 314 3252 Lacedaemoniis
321 3211 329 3263 ;
356 3207 452 3269 quare
479 3187 585 3250 venire
611 3209 651 3250 ne
678 3185 842 3250 dubitaret.
878 3185 912 3248 in
934 3185 994 3249 hoc
1016 3201 1114 3250 nona

52 3279 157 3344 minus
171 3282 237 3345 eius
251 3281 351 3365 pietas
371 3280 570 3365 suspicienda
584 3290 632 3344 est
649 3302 744 3363 quam
759 3279 857 3344 virtus
870 3278 995 3344 bellica:
1015 3280 1078 3362 qui,

54 3393 126 3436 cum
142 3375 253 3438 victori
270 3385 431 3459 praeesset
449 3375 598 3440 exercitui
611 3375 843 3458 maximamque
856 3373 986 3439 haberet
999 3373 1079 3438 fidu-

53 3466 134 3532 ciam
156 3469 245 3553 rcgni
263 3468 432 3534 Persarum
454 3470 610 3554 potiundi,
634 3479 720 3534 tanta
741 3469 896 3534 modestia
917 3469 1000 3536 dicto
1023 3492 1078 3534 au-

51 3561 142 3626 diens
166 3561 226 3626 fuit
248 3563 342 3628 iussis
362 3562 538 3628 absentium
555 3564 811 3650 magistratuum,
833 3573 869 3628 ut
887 3563 1076 3648 siprivatus

49 3653 83 3718 in
102 3656 228 3720 comitio
252 3665 336 3722 esset
355 3655 497 3740 Spartae.
530 3658 618 3721 cuius
637 3657 817 3742 exemplum
838 3657 957 3721 utinam
979 3656 1078 3738 impe-

48 3757 170 3814 ratores
188 3749 287 3814 nostri
306 3750 395 3832 sequi
412 3750 598 3814 voluissent!
627 3751 683 3816 sed
700 3751 774 3814 illuc
791 3750 965 3814 redeamus.
989 3745 1078 3830 Age·
1096 3763 1112 3810 3

50 3842 149 3908 silaus
168 3843 406 3928 opulentissimo
424 3865 521 3928 regno
539 3844 720 3927 praeposuit
738 3843 854 3908 bonam
872 3839 1076 3904 existimatio·
1198 3839 1200 3846 '

48 3958 125 4002 nem
141 3939 302 4022 multoque
320 3939 486 4024 gloriosius
506 3938 603 4014 duxit,
624 3938 651 4001 si
666 3937 814 4000 institutis
828 3933 947 4019 patriae
955 3934 1078 4020 paruis-

47 4040 112 4110 eet,
140 4054 237 4118 quam
259 4033 286 4098 si
308 4032 390 4098 bello
413 4040 592 4118 superasset
614 4030 737 4096 Asiam.
773 4029 833 4096 hac
854 4028 950 4116 igitur
971 4038 1075 4095 mente
1094 4043 1112 4090 4
