2732 4722
384 298 388 334 :
452 286 649 344 DATAMES.
1018 279 1062 345 45

35 405 208 470 exercitum
226 404 339 481 educit,
352 401 629 468 Metrobarzanem
645 404 841 487 persequitur
853 413 987 484 tautum3
1005 407 1061 491 qui
1149 487 1153 494 ἱ

35 519 107 561 cum
130 498 172 560 ad
192 497 300 562 hostes
327 504 524 581 pervenerat,
546 495 701 560 Datames
725 496 817 581 signa
836 497 944 562 inferri
963 501 1058 566 iubet.

35 590 162 656 Pisidae
179 612 264 654 nova
279 611 314 654 re
328 589 474 654 commoti
490 589 524 652 in
536 588 715 673 opinionem
732 590 938 668 adducuntur,
955 593 1061 676 perfu-
1079 616 1094 662 e

34 707 93 770 gas
110 683 194 748 mala
211 683 273 747 fide
295 683 530 768 compositoque
548 683 673 760 fecisse,
696 693 732 746 ut
747 684 866 768 recepti
886 684 996 748 maiori
1013 707 1062 750 es-

36 787 105 844 sent
131 776 309 842 calamitati.
345 777 482 861 primum
503 798 557 840 eos
580 776 771 840 adoriuntur.
807 777 958 855 illisum,
985 779 1061 860 quid

36 881 179 958 ageretur
196 879 250 936 aut
267 893 363 954 quare
380 871 481 948 fieret,
493 871 693 957 ignorarent,
716 871 816 936 coacti
835 880 909 936 sunt
927 893 999 936 cum
1017 873 1062 936 eis

35 985 190 1052 pugnare,
213 964 255 1028 ad
272 985 351 1048 quos
369 965 569 1042 transierant,
594 964 634 1030 ab
652 965 754 1048 iisque
773 974 869 1042 stare,
893 987 973 1049 quos
990 966 1063 1030 reli-

34 1067 174 1141 querant
201 1057 316 1142 quibus
335 1080 407 1122 cum
424 1059 527 1122 neutri
543 1065 719 1143 parcerent,
738 1057 879 1122 celeriter
897 1067 971 1122 sunt
988 1081 1063 1124 con-

34 1153 103 1216 cisi.
130 1152 264 1236 reliquos
281 1151 407 1216 Pisidas
429 1152 609 1216 resistentes
627 1151 781 1215 Datames
803 1153 936 1230 invadit,
959 1153 1096 1238 primos

34 1245 154 1330 impetu
170 1245 271 1330 pellit,
281 1303 284 1308 .
294 1245 451 1331 fugientes
469 1245 680 1330 persequitur,
698 1245 813 1308 multos
830 1246 987 1322 interficit,
1010 1269 1063 1312 ca

36 1348 99 1402 stra
117 1339 255 1403 hostium
273 1339 366 1423 capit.
393 1339 448 1402 tali
466 1338 597 1402 consilio
610 1359 674 1400 uno
690 1346 831 1420 tempore
844 1347 875 1400 et
887 1339 1060 1421 proditores
1079 1362 1096 1408 8

34 1433 166 1516 perculit
184 1442 215 1497 et
232 1433 339 1497 hostes
356 1433 545 1518 profligavit,
564 1440 604 1508 et,
623 1431 709 1514 quod
727 1431 768 1494 ad
784 1430 954 1516 perniciem
972 1454 1063 1495 suam

35 1526 139 1590 suerat
156 1526 337 1612 cogitatum,
355 1527 391 1590 id
404 1527 445 1590 ad
463 1525 596 1590 salutem
613 1525 773 1590 convertit.
797 1545 859 1607 quo
872 1545 975 1607 neque
988 1546 1063 1588 acu-

34 1620 96 1684 tius
119 1620 215 1684 ullius
241 1620 437 1704 imperatoris
464 1619 635 1704 cogitatum
660 1639 762 1701 neque
785 1618 915 1682 celerius
942 1617 1063 1683 factum

21 1733 171 1793 ;usquam
186 1713 332 1796 legimus.

23 1841 26 1869 ι
84 1803 163 1867 VII.
190 1803 246 1870 Ab
257 1805 323 1870 hoc
341 1816 445 1871 tamen
463 1807 529 1872 viro
549 1805 696 1891 Sysinas,
715 1807 853 1871 maximo
871 1815 948 1871 natu
964 1805 1059 1884 hlius,
1080 1823 1094 1868 1

25 1897 144 1960 ,desciit
161 1898 202 1961 ad
219 1921 387 1984 regemque
397 1901 519 1964 transiit
536 1901 615 1964 etde
629 1899 804 1965 defectione
821 1901 919 1985 patris
939 1901 1059 1966 detulit.
1131 1907 1134 1913 '

23 2011 94 2072 nquo
112 1991 222 2055 nuntio
243 1991 438 2058 Artaxerxes
462 2003 652 2070 commotus,
675 1993 760 2076 quod
782 1993 977 2078 intelligebat
999 1994 1061 2059 sibi

21 2105 105 2148 rcum
123 2083 191 2149 viro
213 2084 287 2149 forti
308 2109 346 2150 ac
365 2095 492 2150 strenuo
509 2087 674 2172 negotium
691 2107 771 2161 esse,
795 2087 859 2172 qui,
883 2108 955 2149 cum
974 2089 1061 2170 cogi-

33 2183 144 2253 tasset,
167 2177 272 2242 facere
290 2177 420 2241 auderet
437 2187 469 2240 et
484 2179 572 2260 prIus
591 2178 730 2260 cogitare
747 2197 843 2256 quam
860 2177 966 2238 conari
988 2199 1062 2240 con-

21 2279 171 2346 suesset,
194 2269 468 2352 Autophradatem
488 2269 523 2330 in
546 2267 782 2352 Cappadociam
807 2267 909 2330 mittit.
945 2267 997 2331 hic
1022 2283 1095 2333 nea

29 2361 148 2426 intrare
170 2370 292 2445 posset,
316 2361 444 2439 saltum,
466 2361 579 2444 inquo
599 2359 728 2426 Ciliciae
750 2369 859 2444 portae
883 2369 955 2426 sunt
973 2361 1061 2438 sitae,

21 2449 189 2524 ¹Datames
202 2475 431 2540 praeoccupare
445 2455 573 2519 studuit.
601 2455 735 2519 sedtum
749 2453 853 2518 subito
867 2455 973 2539 copias
988 2477 1062 2520 con·
1080 2469 1095 2516 3

32 2546 155 2610 trahere
173 2568 237 2610 non
248 2547 359 2632 potuit
387 2569 528 2630 aquare
541 2548 691 2632 depulsus
705 2566 778 2612 cum
791 2569 946 2625 samana,
965 2571 1062 2632 quam

33 2650 238 2718 contraxerat,
256 2641 363 2706 locum
376 2642 485 2728 deligit
503 2642 607 2720 talem,
625 2651 661 2706 ut
673 2663 776 2725 neque
793 2643 1007 2706 circumiretur
1020 2643 1061 2706 ab

34 2732 191 2811 hostibus,
213 2757 316 2818 neque
337 2736 519 2820 praeteriret
540 2735 754 2812 adversarius,
777 2735 854 2817 quin
872 2734 1061 2818 ancipitibus

35 2823 109 2892 locis
126 2839 328 2912 premeretur,
347 2838 388 2906 et,
407 2829 435 2894 si
452 2829 599 2894 dimicare
615 2826 716 2914 [cum]
731 2850 769 2893 eo
782 2828 885 2907 vellet,
903 2851 969 2894 non
981 2829 1062 2894 mul-

36 2927 100 2983 tum
118 2921 231 2986 obesse
249 2922 416 2986 multitudo
433 2923 572 2986 hostium
591 2945 667 2986 suae
684 2922 835 3006 paucitati
851 2931 969 3008 posset.

85 3010 181 3075 VIII.
207 3013 299 3079 Haec
317 3015 376 3080 etsi
393 3016 650 3100 Autophradatcs
667 3015 804 3092 videbat,
827 3025 934 3078 tamen
951 3017 1060 3080 statuit
1080 3029 1094 3074 1

34 3105 187 3187 congredi
200 3128 291 3188 quam
305 3130 379 3172 cum
396 3109 490 3172 tantis
505 3108 603 3191 copiis
621 3106 766 3190 refugere
780 3115 834 3168 aut
852 3115 916 3168 tam
930 3107 985 3168 diu
997 3129 1061 3168 uno

36 3193 104 3260 loco
127 3197 243 3264 sedere.
274 3200 412 3266 habebat
433 3199 637 3264 barbarorum
659 3197 745 3280 equit
745 3219 799 3260 um
821 3197 946 3281 viginti,
973 3197 1062 3282 pedi·
1080 3209 1095 3256 2

37 3297 101 3352 tum
118 3301 244 3358 centum
261 3295 357 3372 milia,
377 3315 457 3378 quos
475 3293 520 3357 illi
539 3289 699 3356 Cardacas
717 3289 885 3376 appellant,
905 3290 1062 3354 eiusdem-

36 3402 97 3462 que
118 3387 240 3468 generis
263 3388 323 3452 tria
342 3385 456 3472 [milia]
476 3385 685 3464 funditorum3
712 3393 875 3470 practerea
893 3383 1062 3482 Cappado-

37 3494 107 3538 cum
125 3486 194 3542 octo
214 3477 340 3564 [miha],
359 3479 584 3544 Armeniorum
606 3479 716 3543 decem
735 3475 860 3563 [miha],
879 3449 1062 3565 Paphlago-

38 3589 109 3632 num
127 3571 264 3655 quinque
285 3571 415 3658 [miha],
433 3573 600 3660 Phrygum
617 3573 727 3638 decern
746 3569 877 3658 [miha],
894 3572 1061 3657 Lydorum

38 3663 171 3746 quinque
195 3665 327 3753 [miha],
350 3667 586 3752 Aspendiorum
609 3675 640 3732 et
655 3665 836 3732 Pisidarum
858 3666 981 3732 circiter
1001 3666 1061 3727 tria

39 3751 165 3840 [miha],
186 3757 323 3824 Cilicum
345 3761 422 3837 duc,
447 3755 708 3844 Captianorumt
695 3759 839 3835 t,otidem
863 3780 903 3821 ex
925 3755 1061 3821 Graecia

37 3849 259 3916 conductorum
281 3853 354 3930 tria,
379 3852 459 3918 levis
486 3860 661 3916 armaturae
686 3851 860 3914 maximum
884 3867 1059 3911 numerum.

37 3935 91 4002 has
111 3943 262 4010 adversus
282 3946 388 4030 copias
407 3967 480 4030 spes
498 3943 600 4009 omnis
618 3943 737 4007 consist
724 3941 811 4005 ethat
826 3939 983 4004 Datami
974 3962 1008 4002 ιιι
1025 3960 1060 4004 se
1078 3963 1094 4010 3

36 4028 157 4118 locique
173 4025 300 4104 natura.
318 4059 454 4126 namque
471 4037 565 4105 huius
583 4044 706 4123 partem
722 4056 787 4102 non
799 4031 979 4100 habebat
948 4033 1061 4100 vicesi-
