2732 4722
350 711 705 856 [sannanim]

70 947 140 1013 Non
157 946 266 1012 dubito
284 945 352 1011 fore
368 947 545 1032 plerosque,
564 946 680 1028 Attice,
700 951 754 1033 qui
771 951 832 1016 hoc
849 975 950 1039 genus
970 954 1046 1018 scri-
1064 971 1078 1017 1

22 1052 127 1126 pturae
143 1041 211 1105 leve
230 1049 262 1104 et
278 1063 342 1104 non
361 1042 436 1105 satis
455 1042 586 1128 dignum
605 1066 799 1108 summorum
817 1046 956 1111 virorum
973 1069 1047 1132 per-

22 1136 102 1200 sonis
118 1134 266 1212 iudicent,
285 1155 358 1198 oum
370 1134 503 1199 relatum
516 1135 632 1220 legent,
651 1137 722 1218 quis
736 1139 889 1203 musicam
903 1141 1045 1204 docuerit

20 1227 282 1313 Epaminondam,
306 1236 361 1293 aut
381 1228 415 1292 in
437 1229 504 1293 eius
522 1227 690 1294 virtutibus
709 1235 958 1310 commemorari,
982 1235 1045 1298 aal-

20 1331 99 1389 tasse
121 1346 194 1389 eum
216 1323 381 1389 commode
409 1323 605 1405 scienterque
631 1323 716 1388 tibiis
743 1333 897 1388 cantasse.
934 1328 1077 1389 sedhic

20 1428 105 1482 erunt
117 1418 193 1508 fere,
208 1418 264 1501 qui
277 1425 421 1502 expertes
434 1416 608 1480 litterarum
618 1413 812 1482 Graecarum
824 1418 902 1481 nihil
914 1427 1045 1496 rectum,

18 1511 75 1575 nisi
89 1512 174 1594 quod
190 1512 334 1596 ipsorum
347 1509 488 1574 moribus
502 1510 676 1588 conveniat,
694 1511 858 1596 putabunt.
877 1512 910 1576 hi
925 1513 953 1576 si
966 1513 1046 1576 didi·
1064 1530 1079 1577 3

18 1606 122 1682 corint,
141 1628 206 1671 nou
224 1605 336 1669 eadem
354 1603 499 1668 omnibus
518 1626 588 1668 esse
601 1604 734 1670 honesta
747 1615 841 1688 atque
856 1606 967 1692 turpia,
988 1597 1045 1670 ¹sed

16 1698 122 1760 omnia
139 1698 294 1762 maiorum
310 1697 460 1761 institutis
477 1697 616 1775 iudicari,
636 1721 699 1763 non
717 1699 965 1776 admirabuntur,
984 1723 1043 1765 nos

14 1788 46 1852 in
65 1787 235 1854 Graiorum
252 1790 417 1855 virtutibus
440 1793 632 1876 exponendis
651 1816 754 1858 mores
777 1815 885 1858 eorum
907 1803 1042 1858 secutos.

14 1904 116 1967 neque
134 1883 217 1947 enim
233 1881 359 1948 Cimoni
377 1883 437 1948 fuit
454 1894 554 1970 turpe,
569 1884 813 1951 Atheniensium
827 1909 950 1952 summo
964 1887 1041 1966 viro,
1056 1905 1073 1952 4

17 1999 151 2046 sororem
177 2001 360 2066 germanam
385 1979 501 2046 habere
528 1981 561 2044 in
587 1982 798 2046 matrimonio:
826 1982 942 2066 quippe
970 2003 1043 2046 cum

15 2072 98 2136 cives
117 2072 185 2136 eius
203 2074 315 2140 eodem
332 2083 493 2138 uterentur
510 2075 663 2138 instituto.
683 2083 715 2136 at
731 2075 765 2136 id
782 2075 909 2156 quidem
927 2077 1041 2139 nostris

14 2165 151 2255 moribus
173 2165 264 2231 nefas
290 2166 434 2230 habetur.
465 2167 554 2229 laudi
574 2167 607 2228 in
632 2163 767 2229 Graecia
789 2167 913 2227 ducitur
939 2167 1043 2228 adole-

14 2259 164 2323 scentulis
182 2259 442 2342 quamplurimos
460 2257 577 2321 habere
596 2267 760 2322 amatores.
786 2257 873 2320 nulla
881 2258 1044 2322 Lacedae-

15 2351 100 2416 moni
117 2351 214 2415 vidua
225 2360 290 2415 tam
308 2359 357 2416 est
369 2351 494 2429 nobilis,
513 2373 594 2434 quae
611 2374 674 2416 non
688 2352 729 2416 ad
747 2373 875 2417 coenam
895 2361 945 2416 eat
962 2375 1043 2416 mer-

15 2447 88 2510 cede
107 2447 270 2512 oonduota.
297 2447 422 2533 magnis
444 2447 477 2511 in
494 2447 641 2512 laudibus
660 2457 726 2512 tota
743 2447 810 2512 fere
827 2448 888 2510 fuit
907 2445 1042 2513 Graecia
1058 2469 1073 2515 5

15 2542 161 2605 victorem
180 2539 351 2626 Olympiae
368 2542 471 2620 citari3
493 2542 527 2606 in
545 2564 672 2607 scenam
695 2564 769 2607 vero
787 2543 912 2626 prodire
931 2563 968 2606 ac
985 2565 1045 2626 po-

15 2635 85 2718 pulo
108 2658 178 2700 esse
201 2636 380 2721 spectaculo
402 2637 521 2700 nemini
542 2637 575 2702 in
597 2637 716 2701 eisdem
734 2636 881 2722 gentibus
899 2636 960 2699 fuit
977 2646 1042 2698 tur-

16 2729 154 2811 pitudini.
190 2751 272 2813 quae
295 2729 401 2795 omnia
426 2731 512 2815 apud
533 2753 591 2795 nos
613 2731 728 2815 partim
754 2729 899 2806 infamia,
926 2729 1041 2813 partim

16 2819 141 2887 humilia
162 2832 257 2906 atque
279 2823 319 2889 ab
341 2823 505 2888 honestate
525 2833 647 2888 remota
667 2833 835 2908 ponuntur.
872 2833 982 2888 eontra
1004 2837 1073 2889 eat
1108 2869 1111 2876 .

16 2916 159 3000 pleraque
176 2917 292 2981 nostris
306 2917 445 2980 moribus
461 2927 533 2981 sunt
550 2918 672 2994 decora,
692 2939 771 3000 quae
786 2918 871 3002 apud
887 2918 957 2983 illos
975 2927 1041 2980 tur-

17 3010 62 3091 pia
80 3017 239 3091 putantur.
267 3029 362 3090 quem
380 3009 463 3072 enim
480 3009 696 3074 Romanorum
717 3011 815 3094 pudet
835 3031 966 3072 uxorem
983 3011 1042 3072 du-

17 3123 80 3166 aere
99 3101 133 3164 in
151 3101 351 3165 convivium?
372 3111 427 3165 aut
445 3102 534 3165 ouius
551 3123 615 3165 non
636 3101 888 3164 materfamilias
906 3102 1042 3184 primum

17 3217 112 3260 ocum
141 3203 227 3258 tenet
252 3194 378 3259 aedium
401 3204 494 3280 atque
515 3195 548 3259 in
571 3193 748 3260 celebritate
770 3193 931 3258 versatur?
956 3194 1074 3277 quod?

17 3289 108 3353 nulto
126 3289 163 3353 fit
184 3289 274 3353 aliter
294 3289 329 3352 in
347 3286 490 3354 Graecia.
518 3313 592 3354 nam
614 3311 716 3372 neque
738 3289 771 3352 in
789 3287 968 3353 convivium
986 3287 1041 3351 ad-

18 3383 135 3446 ribctur
156 3383 217 3447 nisi
233 3384 495 3470 propinquorum,
522 3405 625 3468 neque
648 3384 736 3448 sedet
757 3381 819 3447 nisi
840 3382 874 3445 in
894 3381 1040 3446 interiore

18 3485 97 3560 parte
125 3476 263 3554 aedium,
290 3499 371 3561 quae
397 3479 614 3564 gynaeconitis
640 3477 829 3563 appellatur,
857 3497 919 3560 quo
945 3498 1039 3541 nemo

18 3569 130 3633 recedit
143 3570 205 3634 nisi
217 3571 392 3656 propinqua
405 3573 590 3659 cognatione
600 3573 794 3637 coniunctus.
814 3571 871 3635 sed
883 3571 935 3635 hio
947 3571 1038 3656 plura
1056 3588 1072 3635 8

19 3663 156 3747 ›ersequi
176 3661 272 3748 [tum]
291 3667 475 3750 magnitudo
497 3666 666 3731 voluminis
688 3664 847 3751 prohibet,
866 3674 933 3728 tum
951 3665 1039 3727 festi-

19 3757 107 3834 tatio,
132 3765 170 3820 ut
187 3777 225 3820 ea
242 3758 410 3840 explicem,
433 3781 515 3841 quae
533 3781 664 3824 exorsus
683 3781 763 3822 sum.
795 3779 891 3840 quare
909 3757 950 3820 ad
967 3777 1040 3840 pro-

19 3851 148 3914 ›ositum
169 3848 333 3914 veniemus
351 3861 383 3936 et
399 3852 433 3914 in
450 3852 511 3915 hoo
533 3873 726 3935 exponemus
747 3851 827 3915 libro
845 3851 885 3913 de
902 3849 968 3914 vita
985 3871 1040 3912 ex-

19 3942 190 4006 tollentium
207 3943 439 4029 imperatorum.

421 4101 628 4112 ———--

58 4137 176 4182 Corneliae
188 4137 269 4193 Nepos.
330 4113 334 4124 ¹
586 4179 589 4186 Δ
809 4139 824 4194 1
