2758 4726
314 258 359 324 98
514 265 698 323 CORNELII
711 263 879 330 NEPOTIS
893 262 1147 322 FRAGMENTA.

499 478 550 524 EX
568 475 682 522 LIBRO
700 475 749 520 DE
767 473 982 521 HISTORIGIS
1001 473 1163 519 LATINIS.

689 557 733 608 De
743 557 820 608 laude
831 555 970 607 Ciceronis.

367 664 412 728 Π.
439 662 511 728 Non
532 663 676 748 ignorare
699 657 810 734 debes,
833 681 932 722 unum
954 659 1014 723 hoc
1036 681 1136 744 genus
1155 659 1336 722 Latinarum

315 760 489 824 litterarum
507 756 609 820 adhuc
627 776 690 818 non
708 753 802 816 modo
819 774 883 816 non
899 753 1089 838 respondere
1104 750 1268 830 Graeciae,
1289 753 1337 816 sed

317 852 444 917 omnino
466 850 543 913 rude
566 857 660 930 atque
683 845 863 909 inchoatum
884 855 983 910 morte
1004 844 1166 911 Ciceronis
1188 847 1335 911 relictum.

316 946 368 1010 ille
388 945 471 1008 enim
489 942 548 1006 fuit
565 963 662 1016 unus,
686 939 741 1020 qui
762 939 898 1022 potuerit
916 948 946 1002 et
970 939 1063 1004 ctiam
1081 939 1225 1004 debuerit
1247 941 1337 1004 histo

316 1040 395 1103 riam
418 1039 514 1123 digna
535 1057 613 1098 voce
634 1032 849 1118 pronuntiare:
877 1033 993 1118 quippe
1015 1034 1070 1118 qui
1088 1033 1257 1100 oratoriam
1282 1035 1339 1097 elo-

317 1132 477 1216 quentiam
494 1129 605 1193 rudem
618 1151 637 1192 a
650 1125 820 1192 maioribus
839 1136 999 1211 acceptam
1013 1127 1224 1212 perpoliverit,
1243 1127 1339 1213 philo

316 1225 461 1310 sophiam
484 1232 556 1287 ante
579 1245 652 1286 eum
673 1222 865 1306 incomptam
886 1221 1036 1286 Latinam
1060 1243 1117 1286 sua
1140 1219 1340 1286 conformant

316 1319 465 1383 oratione.
496 1340 537 1382 ex
554 1339 616 1400 quo
635 1315 758 1392 dubito,
781 1314 907 1380 interitu
930 1316 997 1380 eius
1020 1323 1125 1380 utrum
1142 1337 1192 1394 res
1215 1314 1342 1400 publica

316 1437 357 1478 an
375 1413 506 1478 historia
522 1413 624 1497 magis
643 1409 755 1474 doleat.
1318 1426 1326 1431 ·

367 1508 528 1591 Locuples
552 1528 588 1570 ac
610 1505 716 1567 divina
737 1512 862 1580 natura,
890 1524 953 1586 quo
975 1503 1125 1567 maiorem
1148 1501 1197 1565 sui
1220 1510 1342 1587 pareret

317 1601 554 1664 admirationem
572 1597 852 1680 ponderatioraque
867 1619 925 1661 sua
938 1607 1044 1673 essent
1056 1595 1221 1674 beneficia,
1240 1617 1342 1678 neque

315 1694 370 1756 uni
388 1693 494 1756 omnia
511 1692 585 1754 dare
603 1711 662 1752 nec
679 1710 788 1752 rursus
808 1689 954 1772 cuiquam
972 1690 1077 1754 omnia
1098 1690 1197 1754 voluit
1216 1709 1342 1774 negare,

513 1875 562 1918 nx
581 1873 774 1920 nmsroms
793 1874 842 1916 AD
860 1874 897 1918 m.
918 1873 1141 1920 cremnorum.
1364 1839 1365 1912 l

715 1953 757 2005 De
768 1953 938 2020 philosophia.

362 2058 425 2131 111.
453 2057 591 2122 Tantum
609 2055 707 2133 abest,
727 2065 762 2120 ut
775 2078 834 2142 ego
848 2055 1030 2141 magistram
1044 2076 1115 2119 esse
1132 2065 1242 2141 putem
1256 2058 1348 2122 vitae

312 2153 545 2242 philosophiam
566 2151 740 2234 beataeque
758 2151 840 2214 vitae
857 2149 1087 2234 perfectricem,
1105 2159 1142 2212 ut
1159 2149 1255 2213 nullis
1280 2175 1345 2216 ma-

314 2251 364 2335 gis
379 2248 555 2313 existimem
568 2268 648 2330 opus
663 2267 733 2310 esse
748 2244 914 2329 magistros
923 2242 1050 2306 vivendi
1063 2264 1160 2325 quam
1172 2242 1341 2327 plerisque,

313 2343 368 2424 qui
385 2342 419 2404 in
436 2363 474 2404 ea
492 2340 681 2424 disputanda
697 2347 871 2402 versantur.
898 2336 990 2400 video
1004 2335 1088 2400 enim
1102 2333 1253 2420 mag'nam
1273 2359 1341 2421 par·
1363 2381 1364 2446 l

312 2443 377 2496 tem
395 2455 518 2509 eorum,
542 2434 647 2514 quiin
665 2433 774 2497 schola
797 2430 836 2495 de
854 2431 973 2516 pudore
992 2440 1023 2496 et
1040 2430 1229 2494 continentia
1252 2452 1341 2515 prae·
1363 2461 1364 2470 ¹

314 2525 431 2611 cipiunt
449 2525 658 2610 argutissime,
679 2525 806 2588 eosdem
824 2524 858 2588 in
875 2524 1014 2588 omnium
1032 2524 1198 2588 libidinum
1220 2524 1342 2608 cupidi·
1363 2525 1364 2536 *

312 2618 431 2684 tatibus
449 2619 565 2684 vivere.
