<?xml version="1.0" encoding="UTF-8"?>
<!DOCTYPE html PUBLIC "-//W3C//DTD XHTML 1.0 Transitional//EN"
    "http://www.w3.org/TR/xhtml1/DTD/xhtml1-transitional.dtd">
<html xmlns="http://www.w3.org/1999/xhtml" xml:lang="en" lang="en">
 <head>
  <title>
</title>
<meta http-equiv="Content-Type" content="text/html;charset=utf-8" />
  <meta name='ocr-system' content='tesseract 3.04.00' />
  <meta name='ocr-capabilities' content='ocr_page ocr_carea ocr_par ocr_line ocrx_word'/>
</head>
<body>
  <div class='ocr_page' id='page_1' title='image "./corneliinepotis22nepogoog_0076.png"; bbox 0 0 2732 4722; ppageno 0'>
   <div class='ocr_carea' id='block_1_1' title="bbox 431 262 1089 326">
    <p class='ocr_par' dir='ltr' id='par_1_1' title="bbox 431 262 1089 326">
     <span class='ocr_line' id='line_1_1' title="bbox 431 262 1089 326; baseline 0.003 -4"><span class='ocrx_word' id='word_1_1' title='bbox 431 267 715 326; x_wconf 79' lang='lat' dir='ltr'>EPAMINONDAS.</span> <span class='ocrx_word' id='word_1_2' title='bbox 1046 262 1089 324; x_wconf 83' lang='lat'>53</span> 
     </span>
    </p>
   </div>
   <div class='ocr_carea' id='block_1_2' title="bbox 2 381 1121 1772">
    <p class='ocr_par' dir='ltr' id='par_1_2' title="bbox 62 381 1121 934">
     <span class='ocr_line' id='line_1_2' title="bbox 65 381 1087 467; baseline 0.001 -18"><span class='ocrx_word' id='word_1_3' title='bbox 65 386 203 461; x_wconf 82' lang='lat' dir='ltr'>etr-icam,</span> <span class='ocrx_word' id='word_1_4' title='bbox 222 405 302 467; x_wconf 87' lang='lat' dir='ltr'>quae</span> <span class='ocrx_word' id='word_1_5' title='bbox 315 405 379 448; x_wconf 91' lang='lat' dir='ltr'>non</span> <span class='ocrx_word' id='word_1_6' title='bbox 391 382 485 447; x_wconf 89' lang='lat' dir='ltr'>modo</span> <span class='ocrx_word' id='word_1_7' title='bbox 499 381 575 446; x_wconf 90' lang='lat' dir='ltr'>mihi</span> <span class='ocrx_word' id='word_1_8' title='bbox 590 391 763 466; x_wconf 87' lang='lat' dir='ltr'>superstes,</span> <span class='ocrx_word' id='word_1_9' title='bbox 782 384 943 450; x_wconf 90' lang='lat' dir='ltr'>sedetiam</span> <span class='ocrx_word' id='word_1_10' title='bbox 960 387 1087 452; x_wconf 92' lang='lat' dir='ltr'>immor-</span> 
     </span>
     <span class='ocr_line' id='line_1_3' title="bbox 64 474 1121 560; baseline 0.006 -19"><span class='ocrx_word' id='word_1_11' title='bbox 64 477 136 542; x_wconf 86' lang='lat' dir='ltr'>talis</span> <span class='ocrx_word' id='word_1_12' title='bbox 156 477 197 541; x_wconf 91' lang='lat' dir='ltr'>sit</span> <span class='ocrx_word' id='word_1_13' title='bbox 214 499 344 541; x_wconf 87' lang='lat' dir='ltr'>necesse</span> <span class='ocrx_word' id='word_1_14' title='bbox 363 479 441 541; x_wconf 87' lang='lat' dir='ltr'>est.“</span> <span class='ocrx_word' id='word_1_15' title='bbox 475 497 537 558; x_wconf 91' lang='lat' dir='ltr'>quo</span> <span class='ocrx_word' id='word_1_16' title='bbox 555 484 695 558; x_wconf 88' lang='lat' dir='ltr'>tempore</span> <span class='ocrx_word' id='word_1_17' title='bbox 713 475 793 540; x_wconf 91' lang='lat' dir='ltr'>duce</span> <span class='ocrx_word' id='word_1_18' title='bbox 810 474 961 560; x_wconf 79' lang='lat' dir='ltr'>Pelopida</span> <span class='ocrx_word' id='word_1_19' title='bbox 978 481 1085 546; x_wconf 82' lang='lat' dir='ltr'>exules</span> <span class='ocrx_word' id='word_1_20' title='bbox 1105 500 1121 547; x_wconf 81' lang='grc'><strong>3</strong></span> 
     </span>
     <span class='ocr_line' id='line_1_4' title="bbox 64 559 1086 654; baseline 0.003 -19"><span class='ocrx_word' id='word_1_21' title='bbox 64 569 193 635; x_wconf 89' lang='lat' dir='ltr'>Thebas</span> <span class='ocrx_word' id='word_1_22' title='bbox 217 579 410 654; x_wconf 87' lang='lat' dir='ltr'>occuparunt</span> <span class='ocrx_word' id='word_1_23' title='bbox 432 579 462 634; x_wconf 90' lang='lat' dir='ltr'>et</span> <span class='ocrx_word' id='word_1_24' title='bbox 488 568 680 653; x_wconf 82' lang='lat' dir='ltr'>praesidium</span> <span class='ocrx_word' id='word_1_25' title='bbox 701 559 1024 636; x_wconf 80' lang='lat' dir='ltr'>Lacedaemoniorum</span> <span class='ocrx_word' id='word_1_26' title='bbox 1046 596 1086 638; x_wconf 85' lang='lat' dir='ltr'>ex</span> 
     </span>
     <span class='ocr_line' id='line_1_5' title="bbox 64 661 1100 748; baseline 0.002 -20"><span class='ocrx_word' id='word_1_27' title='bbox 64 685 134 728; x_wconf 89' lang='lat' dir='ltr'>aree</span> <span class='ocrx_word' id='word_1_28' title='bbox 153 663 349 748; x_wconf 87' lang='lat' dir='ltr'>expulerunt,</span> <span class='ocrx_word' id='word_1_29' title='bbox 362 662 620 747; x_wconf 77' lang='lat' dir='ltr'>Epaminondas,-</span> <span class='ocrx_word' id='word_1_30' title='bbox 631 684 728 744; x_wconf 86' lang='lat' dir='ltr'>quam</span> <span class='ocrx_word' id='word_1_31' title='bbox 746 662 801 726; x_wconf 91' lang='lat' dir='ltr'>diu</span> <span class='ocrx_word' id='word_1_32' title='bbox 818 661 902 726; x_wconf 82' lang='lat' dir='ltr'>facta</span> <span class='ocrx_word' id='word_1_33' title='bbox 915 670 963 725; x_wconf 89' lang='lat' dir='ltr'>est</span> <span class='ocrx_word' id='word_1_34' title='bbox 975 665 1085 730; x_wconf 88' lang='lat' dir='ltr'>caedes</span> <span class='ocrx_word' id='word_1_35' title='bbox 1098 713 1100 719; x_wconf 68' lang='lat'>,</span> 
     </span>
     <span class='ocr_line' id='line_1_6' title="bbox 64 754 1087 838; baseline 0.001 -17"><span class='ocrx_word' id='word_1_36' title='bbox 64 757 193 832; x_wconf 88' lang='lat' dir='ltr'>civium,</span> <span class='ocrx_word' id='word_1_37' title='bbox 213 756 307 821; x_wconf 91' lang='lat' dir='ltr'>domo</span> <span class='ocrx_word' id='word_1_38' title='bbox 326 778 360 820; x_wconf 88' lang='lat' dir='ltr'>se</span> <span class='ocrx_word' id='word_1_39' title='bbox 378 755 485 831; x_wconf 91' lang='lat' dir='ltr'>tenuit,</span> <span class='ocrx_word' id='word_1_40' title='bbox 504 755 590 838; x_wconf 93' lang='lat' dir='ltr'>quod</span> <span class='ocrx_word' id='word_1_41' title='bbox 607 777 709 838; x_wconf 86' lang='lat' dir='ltr'>neque</span> <span class='ocrx_word' id='word_1_42' title='bbox 727 755 827 820; x_wconf 88' lang='lat' dir='ltr'>malos</span> <span class='ocrx_word' id='word_1_43' title='bbox 846 754 1014 820; x_wconf 86' lang='lat' dir='ltr'>defendere</span> <span class='ocrx_word' id='word_1_44' title='bbox 1031 780 1087 822; x_wconf 89' lang='lat' dir='ltr'>vo·</span> 
     </span>
     <span class='ocr_line' id='line_1_7' title="bbox 62 849 1087 934; baseline 0 -20"><span class='ocrx_word' id='word_1_45' title='bbox 62 849 148 914; x_wconf 89' lang='lat' dir='ltr'>lebat</span> <span class='ocrx_word' id='word_1_46' title='bbox 160 867 261 932; x_wconf 87' lang='lat' dir='ltr'>neque</span> <span class='ocrx_word' id='word_1_47' title='bbox 276 849 471 934; x_wconf 83' lang='lat' dir='ltr'>impugnare,</span> <span class='ocrx_word' id='word_1_48' title='bbox 489 871 529 912; x_wconf 88' lang='lat' dir='ltr'>ne</span> <span class='ocrx_word' id='word_1_49' title='bbox 542 872 654 913; x_wconf 88' lang='lat' dir='ltr'>manus</span> <span class='ocrx_word' id='word_1_50' title='bbox 669 871 797 914; x_wconf 89' lang='lat' dir='ltr'>suorum</span> <span class='ocrx_word' id='word_1_51' title='bbox 812 849 964 934; x_wconf 87' lang='lat' dir='ltr'>sanguine</span> <span class='ocrx_word' id='word_1_52' title='bbox 978 871 1087 914; x_wconf 88' lang='lat' dir='ltr'>cruen-</span> 
     </span>
    </p>

    <p class='ocr_par' dir='ltr' id='par_1_3' title="bbox 7 941 1120 1679">
     <span class='ocr_line' id='line_1_8' title="bbox 7 941 1085 1026; baseline -0.001 -19"><span class='ocrx_word' id='word_1_53' title='bbox 7 945 12 953; x_wconf 86' lang='grc'><strong>“</strong></span> <span class='ocrx_word' id='word_1_54' title='bbox 62 953 152 1008; x_wconf 89' lang='lat' dir='ltr'>taret.</span> <span class='ocrx_word' id='word_1_55' title='bbox 179 963 314 1024; x_wconf 89' lang='lat' dir='ltr'>namque</span> <span class='ocrx_word' id='word_1_56' title='bbox 327 964 452 1014; x_wconf 83' lang='lat' dir='ltr'>omnem</span> <span class='ocrx_word' id='word_1_57' title='bbox 466 942 590 1006; x_wconf 89' lang='lat' dir='ltr'>civilem</span> <span class='ocrx_word' id='word_1_58' title='bbox 603 942 766 1006; x_wconf 87' lang='lat' dir='ltr'>victoriam</span> <span class='ocrx_word' id='word_1_59' title='bbox 775 941 933 1006; x_wconf 82' lang='lat' dir='ltr'>funestam</span> <span class='ocrx_word' id='word_1_60' title='bbox 945 941 1085 1026; x_wconf 91' lang='lat' dir='ltr'>putabat.</span> 
     </span>
     <span class='ocr_line' id='line_1_9' title="bbox 62 1033 1087 1120; baseline -0.001 -20"><span class='ocrx_word' id='word_1_61' title='bbox 62 1037 156 1112; x_wconf 87' lang='lat' dir='ltr'>idem,</span> <span class='ocrx_word' id='word_1_62' title='bbox 175 1044 341 1119; x_wconf 83' lang='lat' dir='ltr'>postquam</span> <span class='ocrx_word' id='word_1_63' title='bbox 359 1035 444 1120; x_wconf 89' lang='lat' dir='ltr'>apud</span> <span class='ocrx_word' id='word_1_64' title='bbox 463 1033 636 1099; x_wconf 87' lang='lat' dir='ltr'>Cadmeam</span> <span class='ocrx_word' id='word_1_65' title='bbox 658 1058 731 1100; x_wconf 91' lang='lat' dir='ltr'>cum</span> <span class='ocrx_word' id='word_1_66' title='bbox 748 1035 1010 1100; x_wconf 85' lang='lat' dir='ltr'>Lacedaemoniis</span> <span class='ocrx_word' id='word_1_67' title='bbox 1028 1057 1087 1119; x_wconf 92' lang='lat' dir='ltr'>pu-</span> 
     </span>
     <span class='ocr_line' id='line_1_10' title="bbox 64 1127 1120 1215; baseline 0.002 -23"><span class='ocrx_word' id='word_1_68' title='bbox 64 1150 160 1215; x_wconf 86' lang='lat' dir='ltr'>gnare</span> <span class='ocrx_word' id='word_1_69' title='bbox 178 1129 288 1213; x_wconf 89' lang='lat' dir='ltr'>coepit,</span> <span class='ocrx_word' id='word_1_70' title='bbox 307 1129 340 1191; x_wconf 91' lang='lat' dir='ltr'>in</span> <span class='ocrx_word' id='word_1_71' title='bbox 357 1128 466 1212; x_wconf 92' lang='lat' dir='ltr'>primis</span> <span class='ocrx_word' id='word_1_72' title='bbox 486 1129 579 1192; x_wconf 87' lang='lat' dir='ltr'>stetit.</span> <span class='ocrx_word' id='word_1_73' title='bbox 606 1128 699 1192; x_wconf 88' lang='lat' dir='ltr'>huius</span> <span class='ocrx_word' id='word_1_74' title='bbox 718 1128 756 1192; x_wconf 92' lang='lat' dir='ltr'>de</span> <span class='ocrx_word' id='word_1_75' title='bbox 774 1127 941 1192; x_wconf 87' lang='lat' dir='ltr'>virtutibus</span> <span class='ocrx_word' id='word_1_76' title='bbox 960 1129 1085 1212; x_wconf 83' lang='lat' dir='ltr'>vitaque</span> <span class='ocrx_word' id='word_1_77' title='bbox 1103 1149 1120 1195; x_wconf 84' lang='lat'>4</span> 
     </span>
     <span class='ocr_line' id='line_1_11' title="bbox 64 1221 1085 1304; baseline -0.002 -18"><span class='ocrx_word' id='word_1_78' title='bbox 64 1223 141 1286; x_wconf 88' lang='lat' dir='ltr'>satis</span> <span class='ocrx_word' id='word_1_79' title='bbox 160 1223 217 1285; x_wconf 92' lang='lat' dir='ltr'>erit</span> <span class='ocrx_word' id='word_1_80' title='bbox 234 1223 367 1297; x_wconf 89' lang='lat' dir='ltr'>dietum,</span> <span class='ocrx_word' id='word_1_81' title='bbox 391 1223 418 1285; x_wconf 89' lang='lat' dir='ltr'>si</span> <span class='ocrx_word' id='word_1_82' title='bbox 439 1221 499 1286; x_wconf 89' lang='lat' dir='ltr'>hoc</span> <span class='ocrx_word' id='word_1_83' title='bbox 516 1244 616 1284; x_wconf 91' lang='lat' dir='ltr'>unum</span> <span class='ocrx_word' id='word_1_84' title='bbox 634 1221 819 1298; x_wconf 89' lang='lat' dir='ltr'>adiunxero,</span> <span class='ocrx_word' id='word_1_85' title='bbox 843 1221 927 1304; x_wconf 91' lang='lat' dir='ltr'>quod</span> <span class='ocrx_word' id='word_1_86' title='bbox 944 1244 1038 1286; x_wconf 91' lang='lat' dir='ltr'>nemo</span> <span class='ocrx_word' id='word_1_87' title='bbox 1060 1222 1085 1284; x_wconf 90' lang='lat' dir='ltr'>it</span> 
     </span>
     <span class='ocr_line' id='line_1_12' title="bbox 62 1314 1086 1398; baseline 0 -20"><span class='ocrx_word' id='word_1_88' title='bbox 62 1315 188 1392; x_wconf 82' lang='lat' dir='ltr'>infitias,</span> <span class='ocrx_word' id='word_1_89' title='bbox 203 1314 331 1378; x_wconf 85' lang='lat' dir='ltr'>Thebas</span> <span class='ocrx_word' id='word_1_90' title='bbox 350 1324 380 1378; x_wconf 91' lang='lat' dir='ltr'>et</span> <span class='ocrx_word' id='word_1_91' title='bbox 398 1314 732 1398; x_wconf 84' lang='lat' dir='ltr'>anteEpaminondam</span> <span class='ocrx_word' id='word_1_92' title='bbox 749 1323 858 1380; x_wconf 90' lang='lat' dir='ltr'>natum</span> <span class='ocrx_word' id='word_1_93' title='bbox 871 1323 902 1378; x_wconf 89' lang='lat' dir='ltr'>et</span> <span class='ocrx_word' id='word_1_94' title='bbox 917 1324 990 1397; x_wconf 90' lang='lat' dir='ltr'>post</span> <span class='ocrx_word' id='word_1_95' title='bbox 1003 1315 1086 1378; x_wconf 91' lang='lat' dir='ltr'>eins-</span> 
     </span>
     <span class='ocr_line' id='line_1_13' title="bbox 61 1406 1087 1492; baseline -0.002 -20"><span class='ocrx_word' id='word_1_96' title='bbox 61 1410 136 1472; x_wconf 90' lang='lat' dir='ltr'>dem</span> <span class='ocrx_word' id='word_1_97' title='bbox 157 1408 317 1472; x_wconf 87' lang='lat' dir='ltr'>interitum</span> <span class='ocrx_word' id='word_1_98' title='bbox 337 1417 488 1492; x_wconf 86' lang='lat' dir='ltr'>perpetuo</span> <span class='ocrx_word' id='word_1_99' title='bbox 516 1407 617 1470; x_wconf 89' lang='lat' dir='ltr'>alieno</span> <span class='ocrx_word' id='word_1_100' title='bbox 639 1406 781 1491; x_wconf 88' lang='lat' dir='ltr'>paruisse</span> <span class='ocrx_word' id='word_1_101' title='bbox 808 1406 951 1490; x_wconf 70' lang='lat' dir='ltr'>imperim</span> <span class='ocrx_word' id='word_1_102' title='bbox 980 1416 1087 1470; x_wconf 87' lang='lat' dir='ltr'>contra</span> 
     </span>
     <span class='ocr_line' id='line_1_14' title="bbox 61 1499 1086 1586; baseline -0.005 -20"><span class='ocrx_word' id='word_1_103' title='bbox 61 1525 110 1578; x_wconf 91' lang='lat' dir='ltr'>ea,</span> <span class='ocrx_word' id='word_1_104' title='bbox 130 1523 226 1584; x_wconf 91' lang='lat' dir='ltr'>quam</span> <span class='ocrx_word' id='word_1_105' title='bbox 243 1501 298 1565; x_wconf 90' lang='lat' dir='ltr'>diu</span> <span class='ocrx_word' id='word_1_106' title='bbox 314 1499 367 1564; x_wconf 90' lang='lat' dir='ltr'>ille</span> <span class='ocrx_word' id='word_1_107' title='bbox 384 1500 555 1586; x_wconf 89' lang='lat' dir='ltr'>praefuerit</span> <span class='ocrx_word' id='word_1_108' title='bbox 571 1500 617 1563; x_wconf 88' lang='lat' dir='ltr'>rei</span> <span class='ocrx_word' id='word_1_109' title='bbox 634 1499 792 1584; x_wconf 89' lang='lat' dir='ltr'>publicae,</span> <span class='ocrx_word' id='word_1_110' title='bbox 812 1507 905 1584; x_wconf 89' lang='lat' dir='ltr'>caput</span> <span class='ocrx_word' id='word_1_111' title='bbox 921 1499 1020 1562; x_wconf 83' lang='lat' dir='ltr'>fuisse</span> <span class='ocrx_word' id='word_1_112' title='bbox 1039 1509 1086 1562; x_wconf 92' lang='lat' dir='ltr'>to-</span> 
     </span>
     <span class='ocr_line' id='line_1_15' title="bbox 59 1592 1086 1679; baseline -0.002 -21"><span class='ocrx_word' id='word_1_113' title='bbox 59 1596 126 1658; x_wconf 88' lang='lat' dir='ltr'>tius</span> <span class='ocrx_word' id='word_1_114' title='bbox 150 1592 310 1659; x_wconf 84' lang='lat' dir='ltr'>Graeciae.</span> <span class='ocrx_word' id='word_1_115' title='bbox 346 1617 387 1658; x_wconf 89' lang='lat' dir='ltr'>ex</span> <span class='ocrx_word' id='word_1_116' title='bbox 413 1615 475 1676; x_wconf 89' lang='lat' dir='ltr'>qno</span> <span class='ocrx_word' id='word_1_117' title='bbox 501 1594 631 1679; x_wconf 81' lang='lat' dir='ltr'>intelligi</span> <span class='ocrx_word' id='word_1_118' title='bbox 656 1602 774 1677; x_wconf 87' lang='lat' dir='ltr'>potest,</span> <span class='ocrx_word' id='word_1_119' title='bbox 802 1615 899 1658; x_wconf 91' lang='lat' dir='ltr'>unum</span> <span class='ocrx_word' id='word_1_120' title='bbox 925 1592 1086 1657; x_wconf 90' lang='lat' dir='ltr'>hominem</span> 
     </span>
    </p>

    <p class='ocr_par' dir='ltr' id='par_1_4' title="bbox 2 1688 577 1772">
     <span class='ocr_line' id='line_1_16' title="bbox 2 1688 577 1772; baseline 0.002 -22"><span class='ocrx_word' id='word_1_121' title='bbox 2 1747 3 1750; x_wconf 74' lang='grc'>,</span> <span class='ocrx_word' id='word_1_122' title='bbox 59 1688 163 1772; x_wconf 89' lang='lat' dir='ltr'>pluris</span> <span class='ocrx_word' id='word_1_123' title='bbox 181 1709 276 1770; x_wconf 87' lang='lat' dir='ltr'>quarn</span> <span class='ocrx_word' id='word_1_124' title='bbox 294 1688 451 1752; x_wconf 90' lang='lat' dir='ltr'>civitatem</span> <span class='ocrx_word' id='word_1_125' title='bbox 468 1689 577 1753; x_wconf 82' lang='lat' dir='ltr'>fuisse.</span> 
     </span>
    </p>
   </div>
   <div class='ocr_carea' id='block_1_3' title="bbox 347 1906 796 1973">
    <p class='ocr_par' dir='ltr' id='par_1_5' title="bbox 347 1906 796 1973">
     <span class='ocr_line' id='line_1_17' title="bbox 347 1906 796 1973; baseline 0 -2"><span class='ocrx_word' id='word_1_126' title='bbox 347 1907 442 1972; x_wconf 90' lang='lat' dir='ltr'>XVI.</span> <span class='ocrx_word' id='word_1_127' title='bbox 478 1906 796 1973; x_wconf 85' lang='lat' dir='ltr'>PELOPIDAS.</span> 
     </span>
    </p>
   </div>
   <div class='ocr_carea' id='block_1_4' title="bbox 4 2056 1164 3999">
    <p class='ocr_par' dir='ltr' id='par_1_6' title="bbox 4 2056 1115 2245">
     <span class='ocr_line' id='line_1_18' title="bbox 4 2056 1115 2152; baseline 0.004 -32"><span class='ocrx_word' id='word_1_128' title='bbox 4 2116 13 2152; x_wconf 29' lang='grc' dir='ltr'>ᾗ</span> <span class='ocrx_word' id='word_1_129' title='bbox 112 2057 139 2121; x_wconf 93' lang='grc' dir='ltr'>Ι.</span> <span class='ocrx_word' id='word_1_130' title='bbox 169 2056 338 2144; x_wconf 89' lang='lat' dir='ltr'>Pelopidas</span> <span class='ocrx_word' id='word_1_131' title='bbox 361 2059 533 2124; x_wconf 85' lang='lat' dir='ltr'>Thebanus</span> <span class='ocrx_word' id='word_1_132' title='bbox 559 2061 661 2145; x_wconf 85' lang='lat' dir='ltr'>magis</span> <span class='ocrx_word' id='word_1_133' title='bbox 687 2061 843 2124; x_wconf 81' lang='lat' dir='ltr'>historicis</span> <span class='ocrx_word' id='word_1_134' title='bbox 866 2083 961 2142; x_wconf 87' lang='lat' dir='ltr'>quam</span> <span class='ocrx_word' id='word_1_135' title='bbox 986 2059 1115 2146; x_wconf 85' lang='lat' dir='ltr'>vulgar</span> 
     </span>
     <span class='ocr_line' id='line_1_19' title="bbox 4 2152 1081 2245; baseline 0.003 -31"><span class='ocrx_word' id='word_1_136' title='bbox 4 2209 12 2245; x_wconf 44' lang='lat' dir='ltr'>s</span> <span class='ocrx_word' id='word_1_137' title='bbox 57 2159 164 2213; x_wconf 76' lang='lat' dir='ltr'>notus,</span> <span class='ocrx_word' id='word_1_138' title='bbox 187 2152 275 2215; x_wconf 87' lang='lat' dir='ltr'>cuius</span> <span class='ocrx_word' id='word_1_139' title='bbox 286 2153 325 2214; x_wconf 87' lang='lat' dir='ltr'>de</span> <span class='ocrx_word' id='word_1_140' title='bbox 338 2152 504 2215; x_wconf 86' lang='lat' dir='ltr'>virtutibus</span> <span class='ocrx_word' id='word_1_141' title='bbox 519 2153 627 2216; x_wconf 91' lang='lat' dir='ltr'>dubito</span> <span class='ocrx_word' id='word_1_142' title='bbox 641 2152 904 2233; x_wconf 86' lang='lat' dir='ltr'>quemadmodum</span> <span class='ocrx_word' id='word_1_143' title='bbox 918 2175 1081 2234; x_wconf 85' lang='lat' dir='ltr'>exponam,</span> 
     </span>
    </p>

    <p class='ocr_par' dir='ltr' id='par_1_7' title="bbox 11 2239 1164 3999">
     <span class='ocr_line' id='line_1_20' title="bbox 11 2239 1082 2326; baseline 0.002 -21"><span class='ocrx_word' id='word_1_144' title='bbox 11 2239 12 2242; x_wconf 46' lang='lat'>&#39;</span> <span class='ocrx_word' id='word_1_145' title='bbox 58 2243 148 2325; x_wconf 91' lang='lat' dir='ltr'>quod</span> <span class='ocrx_word' id='word_1_146' title='bbox 164 2264 282 2318; x_wconf 89' lang='lat' dir='ltr'>vereor,</span> <span class='ocrx_word' id='word_1_147' title='bbox 302 2244 329 2306; x_wconf 90' lang='lat' dir='ltr'>si</span> <span class='ocrx_word' id='word_1_148' title='bbox 346 2265 396 2306; x_wconf 88' lang='lat' dir='ltr'>res</span> <span class='ocrx_word' id='word_1_149' title='bbox 415 2243 570 2326; x_wconf 86' lang='lat' dir='ltr'>explicare</span> <span class='ocrx_word' id='word_1_150' title='bbox 587 2244 745 2326; x_wconf 89' lang='lat' dir='ltr'>incipiam,</span> <span class='ocrx_word' id='word_1_151' title='bbox 764 2265 804 2306; x_wconf 87' lang='lat' dir='ltr'>ne</span> <span class='ocrx_word' id='word_1_152' title='bbox 821 2265 884 2305; x_wconf 90' lang='lat' dir='ltr'>non</span> <span class='ocrx_word' id='word_1_153' title='bbox 901 2243 998 2306; x_wconf 90' lang='lat' dir='ltr'>vitam</span> <span class='ocrx_word' id='word_1_154' title='bbox 1016 2244 1082 2308; x_wconf 90' lang='lat' dir='ltr'>eius</span> 
     </span>
     <span class='ocr_line' id='line_1_21' title="bbox 58 2334 1083 2412; baseline 0.002 -16"><span class='ocrx_word' id='word_1_155' title='bbox 58 2355 221 2409; x_wconf 86' lang='lat' dir='ltr'>enarrare,</span> <span class='ocrx_word' id='word_1_156' title='bbox 249 2335 305 2398; x_wconf 91' lang='lat' dir='ltr'>sed</span> <span class='ocrx_word' id='word_1_157' title='bbox 326 2334 488 2400; x_wconf 84' lang='lat' dir='ltr'>historiam</span> <span class='ocrx_word' id='word_1_158' title='bbox 509 2335 617 2398; x_wconf 84' lang='lat' dir='ltr'>videar</span> <span class='ocrx_word' id='word_1_159' title='bbox 640 2335 789 2412; x_wconf 86' lang='lat' dir='ltr'>scribere3</span> <span class='ocrx_word' id='word_1_160' title='bbox 817 2335 843 2398; x_wconf 91' lang='lat' dir='ltr'>si</span> <span class='ocrx_word' id='word_1_161' title='bbox 870 2335 1083 2398; x_wconf 88' lang='lat' dir='ltr'>tantummodo</span> 
     </span>
     <span class='ocr_line' id='line_1_22' title="bbox 59 2425 1136 2512; baseline 0.002 -22"><span class='ocrx_word' id='word_1_162' title='bbox 59 2447 203 2490; x_wconf 86' lang='lat' dir='ltr'>summas</span> <span class='ocrx_word' id='word_1_163' title='bbox 222 2427 367 2512; x_wconf 86' lang='lat' dir='ltr'>attigero,</span> <span class='ocrx_word' id='word_1_164' title='bbox 385 2449 425 2492; x_wconf 93' lang='lat' dir='ltr'>ne</span> <span class='ocrx_word' id='word_1_165' title='bbox 443 2427 572 2492; x_wconf 90' lang='lat' dir='ltr'>rudibus</span> <span class='ocrx_word' id='word_1_166' title='bbox 585 2425 775 2493; x_wconf 88' lang='lat' dir='ltr'>Graecarum</span> <span class='ocrx_word' id='word_1_167' title='bbox 794 2429 964 2491; x_wconf 89' lang='lat' dir='ltr'>litterarum</span> <span class='ocrx_word' id='word_1_168' title='bbox 978 2428 1082 2492; x_wconf 81' lang='lat' dir='ltr'>minus</span> <span class='ocrx_word' id='word_1_169' title='bbox 1125 2478 1136 2492; x_wconf 83' lang='grc'><strong>.</strong></span> 
     </span>
     <span class='ocr_line' id='line_1_23' title="bbox 56 2519 1110 2605; baseline 0.005 -24"><span class='ocrx_word' id='word_1_170' title='bbox 56 2519 197 2582; x_wconf 91' lang='lat' dir='ltr'>dilucide</span> <span class='ocrx_word' id='word_1_171' title='bbox 219 2530 379 2604; x_wconf 88' lang='lat' dir='ltr'>appareat,</span> <span class='ocrx_word' id='word_1_172' title='bbox 407 2530 541 2604; x_wconf 85' lang='lat' dir='ltr'>quantus</span> <span class='ocrx_word' id='word_1_173' title='bbox 564 2521 657 2586; x_wconf 82' lang='lat' dir='ltr'>fuerit</span> <span class='ocrx_word' id='word_1_174' title='bbox 679 2522 731 2584; x_wconf 91' lang='lat' dir='ltr'>ille</span> <span class='ocrx_word' id='word_1_175' title='bbox 749 2522 804 2585; x_wconf 89' lang='lat' dir='ltr'>vir.</span> <span class='ocrx_word' id='word_1_176' title='bbox 836 2522 940 2604; x_wconf 88' lang='lat' dir='ltr'>itaque</span> <span class='ocrx_word' id='word_1_177' title='bbox 958 2523 1081 2605; x_wconf 91' lang='lat' dir='ltr'>utrique</span> <span class='ocrx_word' id='word_1_178' title='bbox 1107 2559 1110 2572; x_wconf 55' lang='grc' dir='ltr'>ι</span> 
     </span>
     <span class='ocr_line' id='line_1_24' title="bbox 55 2613 1107 2700; baseline -0.002 -22"><span class='ocrx_word' id='word_1_179' title='bbox 55 2613 104 2678; x_wconf 89' lang='lat' dir='ltr'>rei</span> <span class='ocrx_word' id='word_1_180' title='bbox 123 2634 297 2690; x_wconf 88' lang='lat' dir='ltr'>occurram,</span> <span class='ocrx_word' id='word_1_181' title='bbox 316 2623 467 2698; x_wconf 89' lang='lat' dir='ltr'>quantum</span> <span class='ocrx_word' id='word_1_182' title='bbox 484 2623 628 2700; x_wconf 91' lang='lat' dir='ltr'>potuero,</span> <span class='ocrx_word' id='word_1_183' title='bbox 647 2625 678 2678; x_wconf 93' lang='lat' dir='ltr'>et</span> <span class='ocrx_word' id='word_1_184' title='bbox 695 2615 844 2679; x_wconf 91' lang='lat' dir='ltr'>medebor</span> <span class='ocrx_word' id='word_1_185' title='bbox 862 2624 929 2677; x_wconf 91' lang='lat' dir='ltr'>tum</span> <span class='ocrx_word' id='word_1_186' title='bbox 943 2615 1082 2678; x_wconf 84' lang='lat' dir='ltr'>satietati</span> <span class='ocrx_word' id='word_1_187' title='bbox 1103 2621 1107 2629; x_wconf 87' lang='lat'>&#39;</span> 
     </span>
     <span class='ocr_line' id='line_1_25' title="bbox 56 2705 1114 2790; baseline -0.003 -20"><span class='ocrx_word' id='word_1_188' title='bbox 56 2716 128 2770; x_wconf 89' lang='lat' dir='ltr'>tum</span> <span class='ocrx_word' id='word_1_189' title='bbox 140 2705 333 2790; x_wconf 87' lang='lat' dir='ltr'>ignorantiae</span> <span class='ocrx_word' id='word_1_190' title='bbox 347 2708 506 2771; x_wconf 90' lang='lat' dir='ltr'>lectorum.</span> <span class='ocrx_word' id='word_1_191' title='bbox 534 2707 713 2772; x_wconf 90' lang='lat' dir='ltr'>Phoebidas</span> <span class='ocrx_word' id='word_1_192' title='bbox 723 2706 995 2771; x_wconf 87' lang='lat' dir='ltr'>Lacedaemonius</span> <span class='ocrx_word' id='word_1_193' title='bbox 1009 2727 1081 2768; x_wconf 91' lang='lat' dir='ltr'>eum</span> <span class='ocrx_word' id='word_1_194' title='bbox 1099 2722 1114 2767; x_wconf 86' lang='lat'><strong>2</strong></span> 
     </span>
     <span class='ocr_line' id='line_1_26' title="bbox 58 2798 1079 2885; baseline 0 -23"><span class='ocrx_word' id='word_1_195' title='bbox 58 2799 231 2863; x_wconf 86' lang='lat' dir='ltr'>exercitum</span> <span class='ocrx_word' id='word_1_196' title='bbox 251 2798 427 2885; x_wconf 77' lang='lat' dir='ltr'>Oly‘nthum</span> <span class='ocrx_word' id='word_1_197' title='bbox 450 2801 576 2865; x_wconf 89' lang='lat' dir='ltr'>duceret</span> <span class='ocrx_word' id='word_1_198' title='bbox 597 2801 717 2884; x_wconf 88' lang='lat' dir='ltr'>iterque</span> <span class='ocrx_word' id='word_1_199' title='bbox 735 2822 791 2884; x_wconf 89' lang='lat' dir='ltr'>per</span> <span class='ocrx_word' id='word_1_200' title='bbox 809 2798 935 2864; x_wconf 86' lang='lat' dir='ltr'>Thebas</span> <span class='ocrx_word' id='word_1_201' title='bbox 954 2799 1079 2875; x_wconf 80' lang='lat' dir='ltr'>faceret,</span> 
     </span>
     <span class='ocr_line' id='line_1_27' title="bbox 59 2893 1081 2979; baseline -0.001 -22"><span class='ocrx_word' id='word_1_202' title='bbox 59 2914 163 2957; x_wconf 88' lang='lat' dir='ltr'>arcem</span> <span class='ocrx_word' id='word_1_203' title='bbox 177 2894 293 2978; x_wconf 90' lang='lat' dir='ltr'>oppidi,</span> <span class='ocrx_word' id='word_1_204' title='bbox 313 2916 392 2976; x_wconf 88' lang='lat' dir='ltr'>quae</span> <span class='ocrx_word' id='word_1_205' title='bbox 403 2893 544 2958; x_wconf 86' lang='lat' dir='ltr'>Cadmea</span> <span class='ocrx_word' id='word_1_206' title='bbox 561 2895 746 2970; x_wconf 89' lang='lat' dir='ltr'>nominatur,</span> <span class='ocrx_word' id='word_1_207' title='bbox 762 2893 926 2978; x_wconf 87' lang='lat' dir='ltr'>occupavit</span> <span class='ocrx_word' id='word_1_208' title='bbox 942 2893 1081 2979; x_wconf 90' lang='lat' dir='ltr'>impulsu</span> 
     </span>
     <span class='ocr_line' id='line_1_28' title="bbox 58 2987 1080 3072; baseline 0.001 -24"><span class='ocrx_word' id='word_1_209' title='bbox 58 3007 229 3067; x_wconf 84' lang='lat' dir='ltr'>paucorum</span> <span class='ocrx_word' id='word_1_210' title='bbox 239 2988 470 3066; x_wconf 89' lang='lat' dir='ltr'>Thebanorum,</span> <span class='ocrx_word' id='word_1_211' title='bbox 489 2989 552 3072; x_wconf 93' lang='lat' dir='ltr'>qui,</span> <span class='ocrx_word' id='word_1_212' title='bbox 572 2989 767 3054; x_wconf 83' lang='lat' dir='ltr'>adversariae</span> <span class='ocrx_word' id='word_1_213' title='bbox 781 2987 908 3052; x_wconf 84' lang='lat' dir='ltr'>factioni</span> <span class='ocrx_word' id='word_1_214' title='bbox 922 3009 984 3069; x_wconf 91' lang='lat' dir='ltr'>quo</span> <span class='ocrx_word' id='word_1_215' title='bbox 1003 2987 1080 3050; x_wconf 81' lang='lat' dir='ltr'>saei-</span> 
     </span>
     <span class='ocr_line' id='line_1_29' title="bbox 62 3077 1080 3161; baseline 0.003 -23"><span class='ocrx_word' id='word_1_216' title='bbox 62 3077 125 3140; x_wconf 90' lang='lat' dir='ltr'>lius</span> <span class='ocrx_word' id='word_1_217' title='bbox 140 3081 324 3160; x_wconf 85' lang='lat' dir='ltr'>resisterent,</span> <span class='ocrx_word' id='word_1_218' title='bbox 343 3084 510 3148; x_wconf 89' lang='lat' dir='ltr'>Laconum</span> <span class='ocrx_word' id='word_1_219' title='bbox 522 3083 616 3148; x_wconf 89' lang='lat' dir='ltr'>rebus</span> <span class='ocrx_word' id='word_1_220' title='bbox 632 3083 797 3148; x_wconf 88' lang='lat' dir='ltr'>studebant</span> <span class='ocrx_word' id='word_1_221' title='bbox 802 3106 811 3157; x_wconf 83' lang='lat'>3</span> <span class='ocrx_word' id='word_1_222' title='bbox 830 3081 923 3161; x_wconf 90' lang='lat' dir='ltr'>idque</span> <span class='ocrx_word' id='word_1_223' title='bbox 943 3102 999 3142; x_wconf 86' lang='lat' dir='ltr'>suo</span> <span class='ocrx_word' id='word_1_224' title='bbox 1017 3079 1080 3160; x_wconf 92' lang='lat' dir='ltr'>pri-</span> 
     </span>
     <span class='ocr_line' id='line_1_30' title="bbox 59 3170 1113 3260; baseline -0.004 -27"><span class='ocrx_word' id='word_1_225' title='bbox 59 3179 145 3247; x_wconf 88' lang='lat' dir='ltr'>vato,</span> <span class='ocrx_word' id='word_1_226' title='bbox 164 3195 224 3237; x_wconf 92' lang='lat' dir='ltr'>non</span> <span class='ocrx_word' id='word_1_227' title='bbox 241 3175 366 3260; x_wconf 92' lang='lat' dir='ltr'>publico</span> <span class='ocrx_word' id='word_1_228' title='bbox 384 3176 459 3240; x_wconf 86' lang='lat' dir='ltr'>fecit</span> <span class='ocrx_word' id='word_1_229' title='bbox 477 3177 615 3241; x_wconf 89' lang='lat' dir='ltr'>consilio.</span> <span class='ocrx_word' id='word_1_230' title='bbox 648 3196 709 3257; x_wconf 93' lang='lat' dir='ltr'>quo</span> <span class='ocrx_word' id='word_1_231' title='bbox 728 3173 810 3235; x_wconf 89' lang='lat' dir='ltr'>facto</span> <span class='ocrx_word' id='word_1_232' title='bbox 829 3193 902 3233; x_wconf 91' lang='lat' dir='ltr'>eum</span> <span class='ocrx_word' id='word_1_233' title='bbox 918 3170 1080 3232; x_wconf 89' lang='lat' dir='ltr'>Lacedae·</span> <span class='ocrx_word' id='word_1_234' title='bbox 1098 3183 1113 3228; x_wconf 87' lang='lat'><strong>3</strong></span> 
     </span>
     <span class='ocr_line' id='line_1_31' title="bbox 56 3263 1080 3354; baseline -0.003 -25"><span class='ocrx_word' id='word_1_235' title='bbox 56 3266 156 3330; x_wconf 91' lang='lat' dir='ltr'>monii</span> <span class='ocrx_word' id='word_1_236' title='bbox 174 3267 213 3332; x_wconf 93' lang='lat' dir='ltr'>ab</span> <span class='ocrx_word' id='word_1_237' title='bbox 232 3271 370 3334; x_wconf 82' lang='lat' dir='ltr'>exercitu</span> <span class='ocrx_word' id='word_1_238' title='bbox 387 3280 586 3334; x_wconf 80' lang='lat' dir='ltr'>removerunt</span> <span class='ocrx_word' id='word_1_239' title='bbox 607 3267 801 3354; x_wconf 89' lang='lat' dir='ltr'>pecuniaque</span> <span class='ocrx_word' id='word_1_240' title='bbox 819 3263 1002 3338; x_wconf 91' lang='lat' dir='ltr'>multarunt,</span> <span class='ocrx_word' id='word_1_241' title='bbox 1025 3283 1080 3326; x_wconf 89' lang='lat' dir='ltr'>ne-</span> 
     </span>
     <span class='ocr_line' id='line_1_32' title="bbox 59 3357 1081 3448; baseline -0.003 -27"><span class='ocrx_word' id='word_1_242' title='bbox 59 3379 121 3440; x_wconf 91' lang='lat' dir='ltr'>qne</span> <span class='ocrx_word' id='word_1_243' title='bbox 147 3382 185 3424; x_wconf 91' lang='lat' dir='ltr'>eo</span> <span class='ocrx_word' id='word_1_244' title='bbox 203 3364 304 3448; x_wconf 86' lang='lat' dir='ltr'>magis</span> <span class='ocrx_word' id='word_1_245' title='bbox 329 3386 432 3428; x_wconf 90' lang='lat' dir='ltr'>arcem</span> <span class='ocrx_word' id='word_1_246' title='bbox 451 3363 611 3428; x_wconf 88' lang='lat' dir='ltr'>Thebanis</span> <span class='ocrx_word' id='word_1_247' title='bbox 633 3361 843 3436; x_wconf 89' lang='lat' dir='ltr'>reddiderunt,</span> <span class='ocrx_word' id='word_1_248' title='bbox 867 3357 951 3440; x_wconf 94' lang='lat' dir='ltr'>quod</span> <span class='ocrx_word' id='word_1_249' title='bbox 975 3377 1081 3420; x_wconf 84' lang='lat' dir='ltr'>susee-</span> 
     </span>
     <span class='ocr_line' id='line_1_33' title="bbox 55 3449 1078 3535; baseline -0.001 -22"><span class='ocrx_word' id='word_1_250' title='bbox 55 3450 121 3535; x_wconf 89' lang='lat' dir='ltr'>ptis</span> <span class='ocrx_word' id='word_1_251' title='bbox 136 3452 306 3519; x_wconf 78' lang='lat' dir='ltr'>inimicitiis</span> <span class='ocrx_word' id='word_1_252' title='bbox 322 3457 418 3521; x_wconf 90' lang='lat' dir='ltr'>satius</span> <span class='ocrx_word' id='word_1_253' title='bbox 432 3456 588 3520; x_wconf 89' lang='lat' dir='ltr'>ducebant</span> <span class='ocrx_word' id='word_1_254' title='bbox 608 3478 661 3520; x_wconf 90' lang='lat' dir='ltr'>eos</span> <span class='ocrx_word' id='word_1_255' title='bbox 680 3453 816 3518; x_wconf 86' lang='lat' dir='ltr'>obsideri</span> <span class='ocrx_word' id='word_1_256' title='bbox 834 3473 928 3535; x_wconf 91' lang='lat' dir='ltr'>quam</span> <span class='ocrx_word' id='word_1_257' title='bbox 945 3449 1078 3516; x_wconf 88' lang='lat' dir='ltr'>liberari.</span> 
     </span>
     <span class='ocr_line' id='line_1_34' title="bbox 55 3545 1080 3643; baseline -0.001 -36"><span class='ocrx_word' id='word_1_258' title='bbox 55 3565 131 3608; x_wconf 90' lang='lat' dir='ltr'>nam</span> <span class='ocrx_word' id='word_1_259' title='bbox 147 3556 221 3630; x_wconf 90' lang='lat' dir='ltr'>post</span> <span class='ocrx_word' id='word_1_260' title='bbox 229 3547 493 3643; x_wconf 87' lang='lat' dir='ltr'>Peloponnesium</span> <span class='ocrx_word' id='word_1_261' title='bbox 510 3549 628 3614; x_wconf 89' lang='lat' dir='ltr'>bellum</span> <span class='ocrx_word' id='word_1_262' title='bbox 637 3547 841 3629; x_wconf 85' lang='lat' dir='ltr'>Athenasque</span> <span class='ocrx_word' id='word_1_263' title='bbox 856 3545 993 3609; x_wconf 88' lang='lat' dir='ltr'>devictas</span> <span class='ocrx_word' id='word_1_264' title='bbox 1008 3566 1080 3608; x_wconf 85' lang='lat' dir='ltr'>cunr</span> 
     </span>
     <span class='ocr_line' id='line_1_35' title="bbox 56 3635 1079 3718; baseline -0.004 -19"><span class='ocrx_word' id='word_1_265' title='bbox 56 3635 218 3704; x_wconf 90' lang='lat' dir='ltr'>Thebanis</span> <span class='ocrx_word' id='word_1_266' title='bbox 234 3641 294 3706; x_wconf 93' lang='lat' dir='ltr'>sibi</span> <span class='ocrx_word' id='word_1_267' title='bbox 307 3665 373 3706; x_wconf 92' lang='lat' dir='ltr'>rem</span> <span class='ocrx_word' id='word_1_268' title='bbox 387 3665 457 3708; x_wconf 87' lang='lat' dir='ltr'>esse</span> <span class='ocrx_word' id='word_1_269' title='bbox 473 3641 703 3718; x_wconf 86' lang='lat' dir='ltr'>existimabant,</span> <span class='ocrx_word' id='word_1_270' title='bbox 719 3650 749 3705; x_wconf 90' lang='lat' dir='ltr'>et</span> <span class='ocrx_word' id='word_1_271' title='bbox 764 3663 817 3705; x_wconf 91' lang='lat' dir='ltr'>eos</span> <span class='ocrx_word' id='word_1_272' title='bbox 832 3661 901 3704; x_wconf 87' lang='lat' dir='ltr'>esse</span> <span class='ocrx_word' id='word_1_273' title='bbox 917 3638 1009 3712; x_wconf 87' lang='lat' dir='ltr'>solos,</span> <span class='ocrx_word' id='word_1_274' title='bbox 1025 3636 1079 3715; x_wconf 91' lang='lat' dir='ltr'>qui</span> 
     </span>
     <span class='ocr_line' id='line_1_36' title="bbox 56 3730 1114 3800; baseline -0.008 -7"><span class='ocrx_word' id='word_1_275' title='bbox 56 3730 208 3798; x_wconf 88' lang='lat' dir='ltr'>adversus</span> <span class='ocrx_word' id='word_1_276' title='bbox 222 3735 366 3800; x_wconf 88' lang='lat' dir='ltr'>resistere</span> <span class='ocrx_word' id='word_1_277' title='bbox 380 3737 538 3800; x_wconf 87' lang='lat' dir='ltr'>auderent.</span> <span class='ocrx_word' id='word_1_278' title='bbox 556 3736 615 3799; x_wconf 89' lang='lat' dir='ltr'>hae</span> <span class='ocrx_word' id='word_1_279' title='bbox 629 3745 731 3799; x_wconf 91' lang='lat' dir='ltr'>mente</span> <span class='ocrx_word' id='word_1_280' title='bbox 742 3733 929 3798; x_wconf 80' lang='lat' dir='ltr'>amicissuis</span> <span class='ocrx_word' id='word_1_281' title='bbox 941 3748 1078 3791; x_wconf 86' lang='lat' dir='ltr'>summas</span> <span class='ocrx_word' id='word_1_282' title='bbox 1097 3739 1114 3784; x_wconf 82' lang='lat'>4</span> 
     </span>
     <span class='ocr_line' id='line_1_37' title="bbox 53 3817 1164 3910; baseline -0.008 -22"><span class='ocrx_word' id='word_1_283' title='bbox 53 3833 227 3906; x_wconf 88' lang='lat' dir='ltr'>potestates</span> <span class='ocrx_word' id='word_1_284' title='bbox 237 3829 386 3893; x_wconf 87' lang='lat' dir='ltr'>dederant</span> <span class='ocrx_word' id='word_1_285' title='bbox 395 3828 584 3910; x_wconf 89' lang='lat' dir='ltr'>alteriusque</span> <span class='ocrx_word' id='word_1_286' title='bbox 593 3828 737 3892; x_wconf 84' lang='lat' dir='ltr'>t&#39;actionis</span> <span class='ocrx_word' id='word_1_287' title='bbox 747 3826 902 3909; x_wconf 88' lang='lat' dir='ltr'>principes</span> <span class='ocrx_word' id='word_1_288' title='bbox 911 3819 1024 3904; x_wconf 90' lang='lat' dir='ltr'>partim</span> <span class='ocrx_word' id='word_1_289' title='bbox 1033 3817 1080 3880; x_wconf 86' lang='lat' dir='ltr'>in·</span> <span class='ocrx_word' id='word_1_290' title='bbox 1160 3841 1164 3848; x_wconf 66' lang='grc'><strong>’</strong></span> 
     </span>
     <span class='ocr_line' id='line_1_38' title="bbox 56 3911 1079 3999; baseline -0.001 -23"><span class='ocrx_word' id='word_1_291' title='bbox 56 3916 251 3998; x_wconf 84' lang='lat' dir='ltr'>terfecerant,</span> <span class='ocrx_word' id='word_1_292' title='bbox 270 3922 348 3987; x_wconf 90' lang='lat' dir='ltr'>alios</span> <span class='ocrx_word' id='word_1_293' title='bbox 365 3922 399 3984; x_wconf 92' lang='lat' dir='ltr'>in</span> <span class='ocrx_word' id='word_1_294' title='bbox 416 3919 544 3984; x_wconf 84' lang='lat' dir='ltr'>exilium</span> <span class='ocrx_word' id='word_1_295' title='bbox 558 3920 720 3994; x_wconf 88' lang='lat' dir='ltr'>eiecerant‚</span> <span class='ocrx_word' id='word_1_296' title='bbox 738 3919 772 3980; x_wconf 94' lang='lat' dir='ltr'>in</span> <span class='ocrx_word' id='word_1_297' title='bbox 789 3915 901 3999; x_wconf 90' lang='lat' dir='ltr'>quibus</span> <span class='ocrx_word' id='word_1_298' title='bbox 911 3911 1079 3995; x_wconf 88' lang='lat' dir='ltr'>Pelopidas</span> 
     </span>
    </p>
   </div>
   <div class='ocr_carea' id='block_1_5' title="bbox 53 4005 1140 4098">
    <p class='ocr_par' dir='ltr' id='par_1_8' title="bbox 53 4005 1140 4098">
     <span class='ocr_line' id='line_1_39' title="bbox 53 4005 1140 4098; baseline -0.018 -9"><span class='ocrx_word' id='word_1_299' title='bbox 53 4008 121 4088; x_wconf 62' lang='grc' dir='ltr'>ΜΟ»</span> <span class='ocrx_word' id='word_1_300' title='bbox 139 4012 179 4076; x_wconf 79' lang='lat' dir='ltr'>de</span> <span class='ocrx_word' id='word_1_301' title='bbox 198 4037 261 4098; x_wconf 90' lang='lat' dir='ltr'>quo</span> <span class='ocrx_word' id='word_1_302' title='bbox 280 4016 414 4084; x_wconf 89' lang='lat' dir='ltr'>scribere</span> <span class='ocrx_word' id='word_1_303' title='bbox 433 4013 537 4080; x_wconf 85' lang='lat' dir='ltr'>exorsi</span> <span class='ocrx_word' id='word_1_304' title='bbox 555 4035 678 4089; x_wconf 92' lang='lat' dir='ltr'>sumus,</span> <span class='ocrx_word' id='word_1_305' title='bbox 695 4011 806 4096; x_wconf 90' lang='lat' dir='ltr'>pulsus</span> <span class='ocrx_word' id='word_1_306' title='bbox 825 4007 925 4094; x_wconf 89' lang='lat' dir='ltr'>patria</span> <span class='ocrx_word' id='word_1_307' title='bbox 943 4005 1076 4072; x_wconf 86' lang='lat' dir='ltr'>carebat.</span> <span class='ocrx_word' id='word_1_308' title='bbox 1136 4021 1140 4026; x_wconf 83' lang='grc'><strong>’</strong></span> 
     </span>
    </p>
   </div>
   <div class='ocr_carea' id='block_1_6' title="bbox 0 0 1370 4722">
    <p class='ocr_par' dir='ltr' id='par_1_9' title="bbox 0 0 1370 4722">
     <span class='ocr_line' id='line_1_40' title="bbox 0 0 1370 4722; baseline 0 3"><span class='ocrx_word' id='word_1_309' title='bbox 0 0 1370 4722; x_wconf 95' lang='lat' dir='ltr'> </span> 
     </span>
    </p>
   </div>
  </div>
 </body>
</html>
