2732 4722
299 282 343 346 18
630 278 813 340 CORNELII
827 278 994 338 NEPOTIS

300 429 374 472 oum
391 402 534 470 ducentis
556 398 692 464 navibus
708 399 878 482 imperator
894 395 1025 470 missus,
1048 413 1121 458 cum
1139 392 1206 457 eius
1228 394 1335 458 maio-

298 523 366 566 rem
387 506 509 583 partem
530 493 652 558 insulae
674 490 855 570 devicisset3
882 489 916 552 in
937 487 1082 554 morbum
1103 485 1273 571 implicitus
1296 487 1335 551 in

301 593 417 679 oppido
436 589 521 654 Citio
540 595 588 652 est
605 594 757 650 mortuus.

267 713 281 759 1
351 684 410 750 IV.
437 682 535 748 Hunc
553 678 765 744 Athenienses
786 697 851 740 non
869 675 970 739 solnm
987 675 1021 738 in
1037 673 1134 751 bello,
1158 674 1215 738 sed
1233 674 1334 738 etiam

299 781 333 844 in
354 799 432 864 pace
454 776 510 839 diu
531 773 795 838 desideraverunt.
831 768 892 832 fuit
914 769 997 833 enim
1024 776 1111 832 tanta
1131 766 1334 846 liberalitate,

300 895 372 938 cum
391 865 602 954 compluribus
615 865 693 929 locis
706 863 836 948 praedia
848 862 1018 944 hortosque
1030 860 1170 938 haberet,
1189 870 1225 926 ut
1236 883 1335 926 num-

300 989 395 1051 quam
412 966 446 1028 in
463 964 508 1028 eis
528 960 690 1024 custodem
711 957 895 1043 imposuerit
912 956 1034 1022 fructus
1053 956 1198 1021 servandi
1215 957 1335 1042 gratia,

299 1060 427 1143 nequis
449 1055 664 1140 impediretur,
687 1051 871 1136 quominus
890 1051 957 1116 eius
975 1049 1085 1127 rebus,
1109 1049 1226 1132 quibus
1242 1051 1337 1133 quis-

266 1176 362 1237 cqne
380 1150 488 1226 vellet,
512 1148 676 1212 frueretur.
709 1166 833 1230 semper
855 1165 927 1208 eum
948 1143 1130 1228 pedissequi
1147 1165 1220 1208 oum
1235 1151 1337 1207 'rrum-

301 1247 362 1310 mis
386 1253 460 1309 sunt
483 1243 596 1320 secuti,
619 1248 670 1318 nt,
692 1241 720 1305 si
742 1239 812 1322 quis
830 1239 899 1323 opis
918 1237 985 1302 eius
1000 1237 1174 1325 indigeret,
1197 1235 1337 1302 haberet

299 1338 385 1424 quod
404 1338 509 1403 statim
526 1337 624 1412 daret,
643 1356 683 1398 ne
701 1332 874 1397 differendo
893 1331 1050 1396 videretur
1066 1352 1192 1417 negare.
1232 1352 1337 1415 saepe

302 1456 374 1499 cum
396 1432 532 1515 aliquem
554 1429 709 1494 offensum
731 1425 858 1490 fortuna
874 1425 994 1490 videret
1011 1424 1116 1490 minus
1133 1424 1213 1489 bene
1230 1425 1340 1487 vesti-

268 1541 284 1588 o
303 1537 379 1602 tum,
403 1547 496 1589 suum
513 1520 682 1585 amiculum
700 1519 796 1584 dedit.
824 1519 962 1603 quotidie
984 1519 1030 1584 sic
1048 1539 1146 1583 coena
1167 1518 1197 1582 ei
1214 1537 1340 1599 coque-

300 1619 401 1693 batur,
420 1625 464 1692 ut,
484 1635 563 1697 quos
580 1613 742 1679 invocatos
760 1613 892 1678 vidisset
909 1613 943 1678 in
960 1612 1043 1689 foro,
1066 1633 1175 1677 omnes
1194 1611 1341 1676 devoca-

299 1719 359 1785 ret3
379 1708 464 1790 qnod
480 1707 585 1770 facere
602 1706 724 1770 nullum
741 1707 826 1770 diem
846 1704 1121 1790 praetermittebat.
1153 1703 1231 1768 nulli
1248 1703 1339 1766 fides

300 1803 377 1878 eius,
396 1799 474 1863 nulli
491 1821 599 1884 opera,
623 1799 702 1863 nulli
718 1821 769 1863 res
787 1797 951 1862 familiaris
969 1799 1083 1874 defuit3
1106 1799 1223 1862 multos
1239 1796 1339 1861 locu-

299 1893 428 1979 pletavit
434 1918 443 1970 3
466 1891 643 1976 complures
660 1911 815 1976 pauperes
833 1899 987 1964 mortuos,
1006 1890 1062 1972 qui
1078 1891 1163 1953 unde
1181 1889 1342 1953 efferren-

266 1997 351 2054 4tur
367 2008 432 2050 non
448 1985 660 2069 reliquissent,
683 2005 742 2048 suo
765 1991 893 2067 sumptu
915 1982 1034 2046 extulit.
1064 1983 1110 2046 sio
1135 2004 1170 2047 se
1186 1984 1344 2071 gerendo

300 2080 430 2144 minime
448 2088 496 2146 est
512 2077 700 2156 mirandum,
720 2077 749 2142 si
766 2085 798 2141 et
813 2077 880 2141 vita
897 2076 964 2142 eius
986 2075 1048 2140 fuit
1065 2096 1175 2140 secura
1192 2084 1224 2140 et
1240 2098 1347 2141 mors

302 2174 423 2240 acerba.

617 2371 676 2438 Ἦ.
712 2369 1010 2437 LYSANDER.

267 2563 281 2610 1
351 2539 378 2605 Ι.
410 2539 579 2625 Lysander
595 2538 869 2602 Lacedaemonius
892 2559 1041 2623 magnam
1062 2536 1187 2620 reliquit
1209 2537 1261 2602 sui
1283 2539 1342 2603 fa-

300 2657 399 2712 mam,
422 2632 525 2718 magis
542 2631 691 2697 felicitate
708 2651 804 2713 quam
820 2630 935 2694 virtute
956 2639 1087 2715 partem.
1113 2629 1340 2706 Athenienses

301 2729 384 2791 enim
408 2724 456 2812 [in
475 2721 740 2810 Peloponnesios]
764 2731 907 2788 sextoet
929 2724 1079 2789 vicesimo
1101 2747 1184 2790 anno
1209 2723 1339 2789 bellurn

266 2842 282 2887 a
300 2828 445 2904 gerentes
463 2818 638 2884 confecisse
656 2823 794 2903 apparet
826 2837 928 2900 neque
945 2817 979 2881 id
996 2839 1060 2902 qua
1079 2818 1200 2882 ratione
1218 2837 1339 2884 conse-

301 2919 393 2974 cutus
407 2910 457 2986 sit,
475 2909 560 2974 latet
586 2911 748 2974 nonenim
761 2910 876 2975 virtute
894 2910 944 2976 sui
958 2911 1123 2988 exercitus,
1143 2911 1199 2976 sed
1215 2911 1338 2976 immo-

301 3003 402 3070 destia
424 3001 543 3067 factum
562 3012 611 3068 est
628 3003 887 3080 adversariorum,
911 3004 975 3086 qui,
994 3004 1080 3087 quod
1096 3005 1181 3076 dicto
1198 3005 1339 3068 audien-
1364 3087 1365 3096 ἵ

299 3107 348 3163 tes
365 3095 606 3182 imperatoribus
624 3097 690 3163 suis
708 3105 883 3174 nouerant,
902 3097 1049 3183 dispalati
1065 3098 1099 3162 in
1112 3097 1197 3183 agris
1209 3095 1336 3161 relictis
1364 3115 1365 3174 j

299 3191 434 3258 navibus
452 3191 486 3255 in
503 3189 641 3256 hostium
658 3200 811 3256 venerunt
828 3200 1028 3275 potestatem.
1052 3213 1115 3274 quo
1133 3188 1337 3255 factoAthe·
1364 3251 1365 3262 ,

200 3275 213 3298 ’
266 3285 425 3352 atrienses
444 3307 479 3350 se
488 3285 751 3350 Lacedaemoniis
769 3285 963 3348 dediderunt.
981 3284 1042 3348 hac
1059 3284 1189 3349 victoria
1200 3283 1335 3369 Lysan-

300 3379 356 3444 der
373 3379 484 3453 elatus,
503 3396 576 3440 cum
594 3386 686 3440 antea
704 3397 828 3460 semper
844 3376 997 3442 factiosus
1019 3378 1185 3461 audaxque
1202 3377 1333 3456 suisset,
1364 3377 1365 3454 ζ

300 3471 347 3533 sic
364 3469 425 3534 sibi
442 3469 581 3546 indulsit,
600 3478 636 3532 ut
657 3469 725 3534 eius
743 3490 838 3554 opera
854 3469 888 3534 in
905 3470 1078 3536 maximum
1100 3471 1207 3536 odium
1225 3468 1334 3537 Grae-
1364 3457 1365 3533 i

265 3581 283 3627 4
301 3561 368 3625 ciac
385 3561 632 3626 Lacedaemonii
651 3562 859 3647 pervenerint
889 3586 964 3630 nam
986 3586 1059 3630 cum
1079 3564 1161 3631 hanc
1180 3587 1334 3630 caussam

299 3654 545 3720 Lacedaemonii
558 3655 753 3722 dictitassent
770 3655 831 3722 sibi
849 3679 919 3724 esse
936 3657 1020 3735 belli,
1038 3667 1074 3724 ut
1082 3657 1334 3726 Atheniensium

298 3749 502 3837 impotentem
527 3750 771 3817 dominationem
794 3750 1015 3839 refringerent,
1045 3762 1214 3838 postquam
1241 3755 1333 3838 apud

298 3843 409 3930 Aegos
427 3843 545 3909 flumen
561 3844 730 3932 Lysander
752 3845 862 3912 classis
879 3845 1018 3912 hostium
1035 3855 1084 3911 est
1099 3847 1228 3932 potitus,
1248 3847 1333 3910 nihil

300 3938 385 4003 aliud
401 3938 527 4004 molitus
546 3949 604 4018 est,
623 3962 719 4024 qnam
736 3948 772 4004 ut
789 3961 897 4005 omnes
916 3939 1056 4006 civitates
1077 3939 1112 4004 in
1130 3961 1188 4004 sna
1204 3948 1332 4004 teneret

297 4041 462 4116 potestate,
482 4055 554 4100 cum
575 4034 609 4097 id
627 4055 661 4100 se
678 4033 1003 4100 Lacedaemoniorum
1025 4054 1137 4100 caussa
1159 4033 1266 4100 iacere
1286 4034 1334 4099 si-
