2732 4722
432 256 657 314 MILTIADES.
783 255 785 264 '
1041 249 1063 314 5
1166 329 1169 352 N

30 372 286 440 locum'videbat
308 375 390 450 suis,
418 381 523 437 tamen
544 371 644 436 fretus
662 391 792 436 numero
810 375 970 459 copiarum
989 399 1061 442 sua-

1 507 2 510 =
30 491 100 532 rum
123 467 290 552 confligere
314 465 473 551 cupiebat,
493 486 593 548 eoque
610 465 724 551 magis,
752 465 850 548 quod,
876 469 1060 552 priusquam

29 561 279 625 Lacedaemonii
296 559 438 625 subsidio
454 559 611 636 venirent,
630 559 779 623 dimicare
797 559 872 644 utile
890 561 1060 627 arbitraba-

29 664 89 718 tur.
125 654 233 738 itaque
258 655 292 718 in
322 655 421 718 aciem
446 653 588 738 peditum
614 659 754 730 centum,
786 653 926 735 equitum
951 655 1061 719 decern
1135 677 1140 688 ·

29 749 117 812 milia
137 748 288 833 produxit
308 747 523 832 proeliumque
542 747 707 811 commisit.
743 746 778 829 in
799 767 862 828 quo
884 755 971 810 tanto
983 748 1059 831 ‘plus
1078 770 1093 816 5

29 842 146 906 virtute
168 841 333 905 voluerunt
348 840 571 918 Athenienses,
595 850 631 903 ut
652 839 878 924 decemplicem
894 861 1060 905 numerum

28 935 169 1000 hostium
184 935 378 1020 profligarint
399 935 541 1018 adeoque
558 933 788 1019 perterruerint,
807 943 843 997 ut
859 933 979 998 Persae
996 957 1061 998 non

31 1038 148 1104 eastra,
176 1028 232 1094 sed
257 1051 354 1094 naves
376 1028 531 1113 petierint.
567 1051 630 1112 qua
650 1051 758 1114 pugna
779 1028 858 1092 nihil
883 1029 988 1093 adhuc
1011 1039 1060 1094 est

31 1120 177 1185 nobilius.
213 1121 300 1186 nulla
321 1122 406 1186 enim
428 1143 579 1204 umquam
601 1129 665 1183 tam
688 1120 802 1206 exigua
823 1143 935 1186 manus
955 1130 1058 1187 tantas

29 1235 106 1298 opes
123 1215 301 1299 prostravit.

81 1305 141 1371 VI.
169 1305 270 1372 Cuius
293 1308 441 1373 victoriae
462 1329 526 1372 non
549 1307 687 1370 alienum
708 1305 833 1368 videtur
854 1307 945 1388 quale
967 1329 1090 1390 prae-1

28 1400 129 1464 mium
150 1398 289 1464 Miltiadi
311 1401 352 1464 sit
373 1399 525 1465 tributum
547 1399 673 1473 docere,
696 1419 760 1480 quo
782 1397 905 1461 facilius
926 1397 1060 1482 intelligi

27 1494 140 1577 possit,
159 1493 293 1558 eandem
310 1493 452 1558 omnium
470 1491 633 1556 civitatum
650 1511 720 1555 esse
738 1499 891 1554 naturam.
917 1499 954 1554 ut
976 1491 1058 1553 enim
1076 1511 1091 1558 2

27 1587 140 1671 populi
161 1587 299 1651 Romani
321 1586 455 1650 honores
483 1585 642 1668 quondam
663 1583 790 1648 fuerunt
810 1585 873 1647 rari
896 1592 927 1647 et
948 1591 1057 1647 tenues

29 1679 72 1742 ob
91 1699 224 1760 eamque
243 1699 389 1742 caussam
405 1677 544 1763 gloriosi,
562 1699 647 1741 nunc
664 1686 770 1740 autem
784 1676 877 1740 effusi
894 1685 988 1759 atque
1002 1675 1058 1740 ob-

29 1769 136 1846 soleti,
157 1769 203 1834 sio
221 1770 295 1834 olim
312 1772 396 1855 apud
408 1770 620 1836 Athenienses
638 1770 738 1834 fuisse
759 1770 941 1854 reperimus.
968 1791 1057 1833 nam-
1075 1791 1090 1837 3

27 1883 91 1944 que
108 1862 182 1925 huic
199 1863 347 1940 Miltiadi,
366 1864 440 1946 quia
450 1863 597 1930 Athenas
615 1872 775 1946 totamque
794 1861 962 1928 Graeciam
978 1862 1057 1926 libe-

26 1965 127 2033 rarat,
155 1957 226 2020 talis
248 1957 349 2022 honos
367 1958 501 2024 tributus
520 1969 583 2036 est,
611 1959 645 2024 in
666 1959 802 2044 porticu,
829 1981 909 2043 quae
928 1957 1056 2024 Poecile

27 2058 166 2127 vocatur,
186 2071 258 2114 cum
271 2073 379 2137 pugna
392 2053 614 2138 depingeretur
621 2051 832 2128 Marathonia,
851 2062 886 2115 ut
898 2053 932 2116 iu
945 2053 1056 2116 decem
1090 2123 1091 2127 η

26 2152 208 2226 praetorum
220 2165 351 2208 numero
364 2145 466 2227 prima
478 2145 546 2208 eius
559 2146 666 2228 imago
679 2153 856 2227 poneretur,
874 2144 964 2224 isque
982 2144 1055 2207 hcr-

27 2243 147 2298 taretur
164 2233 279 2297 mihtes
296 2235 513 2317 proeliumque
531 2236 756 2298 committeret..
782 2234 867 2296 idem
887 2233 940 2296 ille
956 2255 1057 2318 popu·
1074 2253 1091 2298 4

27 2327 95 2402 lus,
118 2333 325 2408 posteaquam
342 2326 445 2390 maius
462 2325 629 2411 Mperium
651 2334 699 2390 est
715 2333 825 2390 nactus
844 2333 875 2389 et
891 2325 1056 2411 largitione

25 2417 270 2502 magistratuum
296 2427 460 2505 corruptus
487 2428 548 2498 est,
576 2427 731 2486 trecentas
754 2428 872 2484 statuas
890 2417 1055 2484 Demetrio

25 2510 182 2576 Phalereo
200 2511 347 2577 decrevit.

78 2604 155 2668 VH.
186 2605 266 2670 Post
286 2606 348 2672 hoc
369 2608 523 2693 proelium
545 2609 678 2674 classem
702 2609 901 2694 septuaginta
925 2609 1055 2672 navium
1074 2625 1087 2670 1

25 2696 239 2764 Athenienses
267 2700 369 2766 eidem
394 2700 533 2766 Miltiadi
558 2701 723 2777 dederunt,
751 2711 787 2764 ut
812 2701 946 2776 insulas,
974 2721 1055 2782 quae
1102 2749 1106 2763 .
1153 2723 1154 2728 ¹

24 2790 177 2857 barbaros
203 2793 401 2871 adiuverant,
429 2795 512 2859 bello
537 2803 785 2879 persequeretur.
834 2815 898 2877 quo
922 2793 1054 2880 imperio
1133 2791 1139 2820 ⁸

23 2883 193 2969 plerasque
215 2885 257 2949 ad
279 2887 418 2950 officium
440 2888 541 2951 redire
564 2889 681 2973 coegit,
708 2888 874 2953 nonnullas
900 2889 933 2952 vi
955 2910 1054 2972 expu-

23 2977 146 3061 gnavit.
187 2998 227 3038 ex
248 2978 298 3041 his
319 2978 439 3042 Parum
460 2980 595 3044 insulam
618 2980 731 3064 opibus
754 2981 868 3044 elatam
890 3002 962 3055 oum
984 2995 1086 3044 crasa

24 3067 113 3130 tione
138 3068 339 3134 reconciliare
365 3091 430 3133 non
454 3081 578 3153 posset,
606 3073 713 3153 copias
736 3093 753 3132 e
774 3071 908 3133 navibus
935 3073 1052 3145 eduxit,

23 3159 138 3225 urbem
156 3160 304 3245 operibus
323 3162 436 3226 clausit
452 3162 605 3244 omnique
617 3172 794 3226 commeatu
810 3161 959 3244 privavit3
981 3161 1055 3224 dein

23 3253 126 3318 vineis
149 3274 187 3318 ac
205 3253 417 3320 testudinibus
440 3254 616 3320 constitutis
638 3253 768 3339 propius
785 3275 892 3317 muros
911 3254 1053 3319 accessit.

23 3367 100 3410 cum
120 3346 184 3410 iam
205 3347 239 3410 in
257 3369 295 3412 eo
313 3357 411 3427 esset,
426 3356 469 3412 ut
487 3348 602 3434 oppido
619 3348 785 3432 potiretur,
803 3347 912 3432 procul
929 3348 963 3411 iu
980 3368 1054 3411 con·
1071 3361 1087 3407 3

22 3439 137 3504 tinenti
161 3439 262 3518 lucus,
290 3441 345 3524 qui
371 3464 412 3506 ex
436 3441 540 3506 insula
566 3440 829 3526 conspiciebatur,
857 3441 963 3506 nescio
990 3462 1053 3523 quo

23 3553 116 3609 casu,
143 3542 296 3599 noctmno
323 3544 463 3620 tempore
484 3535 632 3606 incensus
656 3543 713 3598 est.
749 3534 839 3598 cuius
865 3533 1053 3599 flammant

24 3623 66 3690 ab
85 3626 249 3711 oppidanis
268 3638 299 3692 et
312 3630 582 3715 oppugnatoribus
600 3635 653 3693 es't'
665 3627 744 3706 visa,
762 3627 903 3712 utrisque
920 3627 1052 3692 venitin

25 3718 216 3802 opinionem,
236 3721 364 3805 signum
381 3746 401 3786 a
418 3723 586 3788 classiariis
604 3722 688 3808 regis
707 3723 824 3786 datum.
852 3743 915 3804 quo
932 3720 1052 3783 factum
1068 3715 1105 3780 4²

24 3820 88 3887 est,
115 3820 151 3874 ut
174 3820 205 3874 et
225 3811 313 3876 Parii
335 3837 354 3876 a
376 3815 532 3878 deditione
559 3815 798 3890 deterrerentur,
825 3823 858 3876 et
877 3811 1050 3886 Miltiades,

21 3905 141 3967 timens
154 3925 195 3967 ne
208 3903 319 3968 classis
332 3906 419 3990 regia
432 3906 622 3982 adventaret,
640 3907 777 3970 incensis
796 3904 952 3988 operibus,
970 3919 1051 3986 quae

25 3993 187 4077 statuerat,
202 4019 274 4062 oum
287 3998 415 4064 totidem
428 3998 572 4076 navibus,
587 4008 680 4082 atque
694 4007 760 4062 erat
771 3997 940 4082 profectus,
950 3995 1051 4062 Athe-
