2758 4726
326 301 370 366 82
527 359 530 368 ,
663 301 849 360 conuunu
861 297 1095 372 suroris=

323 447 399 513 rege
416 431 627 511 patererque
644 417 897 486 inimicissimum
911 439 1003 483 snum
1017 437 1124 482 secum
1136 417 1267 484 haberet
1277 418 1337 483 sibi·

293 541 389 605 sque
419 517 556 582 dederet.
595 514 645 578 his
672 511 788 576 Prusia
816 533 933 597 negare
964 533 1060 576 ausus
1089 533 1154 576 non
1185 522 1249 591 est;
1276 511 1338 575 illud

326 602 498 680 recusavit,
521 599 612 666 naid
629 621 649 663 a
667 619 700 662 se
721 597 790 662 fieri
806 595 1014 682 postularent,
1033 596 1118 680 quod
1135 597 1286 662 adversus
1299 597 1339 660 ius

327 684 456 785 hospitii
478 703 576 772 esset;
598 691 675 778 ipsi,
695 691 722 756 si
739 700 882 776 possent,
906 691 1218 776 comprehenderent3
1242 692 1340 765 locum,

326 793 384 859 ubi
406 800 504 867 essct,
527 787 620 852 facile
637 787 830 850 inventuros.
862 783 1025 849 Hannibal
1047 785 1131 850 cnim
1152 809 1215 852 uno
1235 787 1301 851 loco
1316 805 1340 849 sc

328 885 456 952 tenebat
471 883 505 947 in
523 879 660 956 castello,
679 877 765 962 quod
782 877 812 942 ei
829 899 935 964 aroge
949 879 1058 943 datum
1075 887 1142 944 erat
1159 880 1291 956 muneri,
1306 877 1340 941 id-

328 1002 390 1064 que
409 978 455 1043 sic
473 974 659 1050 aedificarat,
678 980 713 1035 ut
730 971 764 1036 in
777 969 923 1037 omnibus
941 972 1083 1057 partibus
1102 973 1240 1038 aedificii
1257 972 1341 1038 exitus

293 1073 468 1149 shaberet,
487 1069 605 1134 scilicet
621 1087 744 1143 verens,
763 1087 803 1130 ne
819 1088 882 1130 usu
899 1066 1028 1144 veniret,
1047 1067 1133 1151 quod
1150 1069 1273 1132 accidit.
1294 1066 1342 1129 huc

329 1189 401 1231 cum
422 1163 519 1250 legati
536 1161 752 1227 Romanorum
769 1159 932 1225 venissent
953 1181 991 1225 ac
1012 1161 1210 1226 multitudine
1230 1163 1343 1226 domun

329 1259 397 1324 eius
416 1255 705 1334 circumdedissent,
724 1277 803 1340 puer
816 1253 856 1319 ab
870 1254 964 1319 ianua
980 1255 1174 1340 prospiciens
1184 1250 1344 1320 Hannibali

330 1353 418 1431 dixit,
436 1352 543 1440 plures
556 1359 681 1438 praeter
694 1349 953 1416 consuetudinem
967 1359 1102 1414 armatos
1116 1370 1272 1435 apparere.
1295 1343 1345 1427 qui

330 1447 496 1533 imperavit
518 1446 561 1523 ci,
584 1455 620 1509 ut
637 1467 746 1510 omnes
768 1444 853 1509 fores
877 1443 1012 1508 aedificii
1034 1443 1210 1508 circumiret
1228 1464 1266 1508 ac
1284 1459 1346 1524 pro·

329 1563 404 1627 pere
424 1540 484 1605 sibi
496 1539 662 1616 nuntiaret,
681 1561 758 1603 num
771 1538 882 1604 ecdem
895 1538 989 1603 modo
1002 1537 1141 1621 undique
1154 1537 1345 1604 obsideretur.

297 1655 313 1702 5
330 1655 410 1719 puer
427 1655 500 1697 cum
517 1630 666 1707 celeriter,
685 1631 762 1714 quid
775 1641 868 1707 esset,
886 1632 1095 1698 renuntiasset
1108 1651 1283 1714 omnesque
1297 1624 1347 1689 eni·

330 1735 381 1790 tus
404 1732 573 1810 occupatos
596 1723 795 1799 ostendisset,
820 1724 927 1799 sensit,
950 1725 984 1788 id
1000 1748 1065 1790 non
1082 1723 1211 1790 fortuito
1229 1723 1347 1790 factum.

331 1820 388 1885 sed
414 1842 448 1882 se
473 1817 538 1900 peti
569 1837 672 1896 neque
699 1814 759 1878 sibi
785 1815 901 1879 diutius
928 1817 1026 1880 vitam
1052 1840 1123 1881 csse
1152 1817 1349 1884 retinendam.

330 1931 425 1990 quam
451 1929 490 1970 nc
517 1906 619 1968 alieno
646 1905 773 1969 arbitrio
800 1906 983 1982 dimitteret,
1010 1929 1131 1971 memor
1154 1905 1352 1992 pristinarum

328 1999 480 2063 virtutum
493 2018 660 2076 venenum,
676 1998 764 2082 quod
782 2019 907 2084 semper
924 2019 1034 2064 secum
1050 1999 1165 2064 habere
1183 2022 1353 2065 consuere

328 2103 387 2171 rat,
407 2093 550 2178 sumpsit

298 2209 312 2255 1
382 2186 482 2251 xm.
513 2183 568 2251 Sic
585 2185 634 2249 vir
651 2185 856 2262 fortissimus,
873 2185 981 2250 multis
998 2186 1155 2268 variisque
1172 2183 1349 2270 perfunctus

330 2281 501 2358 laboribus,
513 2302 594 2345 anno
608 2279 765 2364 acquievit
778 2279 1020 2366 septuagesimo.
1048 2277 1162 2362 quibus
1177 2280 1346 2344 consulibus

331 2374 490 2450 interierit,
509 2397 574 2437 non
591 2373 747 2438 convenit.
774 2395 911 2456 namque
928 2371 1055 2438 Atticus
1069 2372 1116 2436 M.
1129 2371 1264 2438 Claudio
1274 2372 1359 2437 Mar-¹

332 2467 421 2543 cello,
441 2465 482 2547 Q.
493 2465 592 2530 Fabio
601 2466 753 2530 Labeone
767 2464 948 2530 consulibus
962 2478 1121 2530 mortuum
1137 2467 1172 2530 in
1184 2468 1290 2532 annali
1301 2485 1344 2530 suo

333 2560 484 2645 scriptum
500 2559 635 2641 reliquit,
654 2568 687 2621 at
699 2556 853 2642 Polybius
867 2558 909 2622 L.
918 2557 1058 2624 Aemilio
1066 2559 1190 2638 Paullo,
1206 2559 1342 2626 CuBac·

331 2653 386 2719 bio
413 2653 593 2738 Tamphilo,
623 2649 783 2736 Sulpicius
806 2663 912 2716 autem
938 2651 1046 2718 Blitho
1071 2652 1110 2718 P.
1131 2653 1279 2720 Cornelio
1296 2651 1342 2716 Ce-

299 2769 314 2815 2
333 2747 441 2832 theg0‚
460 2745 508 2810 M.
526 2745 647 2811 Baebio
666 2743 845 2830 Tamphilo.
877 2755 970 2829 atque
992 2747 1044 2810 hic
1062 2755 1167 2811 tantus
1185 2749 1236 2812 vir
1252 2746 1341 2812 tantis·

332 2861 393 2922 que
406 2839 497 2904 bellis
513 2840 672 2926 districtus
685 2839 827 2904 nonnihil
845 2841 993 2924 temporis
1007 2841 1115 2906 tribuit
1127 2842 1251 2907 litteris.
1272 2859 1341 2904 nam-

331 2953 394 3015 que
412 2931 531 3014 aliquot
553 2932 621 2997 eius
647 2932 721 2998 libri
743 2943 825 3012 sunt,
846 2931 978 2999 Graeco*
993 2957 1136 3000 sermone
1159 2935 1300 3008 confecti,
1315 2929 1358 2994 in.

332 3023 382 3090 his
400 3026 442 3091 ad
458 3025 601 3092 Rhodios
619 3028 659 3093 de
678 3026 738 3094 Cn.
752 3026 867 3092 Manlii
875 3027 1025 3094 Volsonis
1043 3029 1077 3092 in
1093 3029 1175 3094 Asia
1192 3030 1285 3096 rebus
1300 3043 1340 3110 ge·
1357 3031 1358 3051 ¹

300 3121 401 3188 estis.
437 3121 531 3188 huius
553 3121 629 3188 belli
649 3131 741 3210 gesta
761 3121 853 3188 multi
870 3123 1039 3188 memoriae
1059 3123 1275 3208 prodiderunt,
1299 3113 1341 3182 scd

232 3275 242 3290 ,
333 3241 374 3283 cx
390 3218 440 3282 his
459 3218 532 3296 duo,
551 3219 606 3301 qui
624 3241 697 3283 cum
714 3241 751 3284 eo
772 3219 807 3282 in
829 3219 939 3284 castris
957 3219 1083 3284 fuerunt
1101 3219 1255 3302 simulque
1271 3215 1341 3278 vixe-

332 3319 414 3389 rtmt,
434 3311 586 3394 quamdiu
602 3311 729 3376 fortuna
741 3334 838 3397 passa
855 3321 912 3388 est,
929 3310 1056 3376 Silenus
1075 3322 1106 3378 et
1120 3309 1241 3377 Sosilus
1253 3309 1342 3374 Lace-

333 3403 528 3469 daemonius.
555 3412 649 3487 atque
666 3404 727 3469 hoo
740 3402 845 3468 Sosilo
858 3402 1021 3468 Hannibal
1038 3405 1211 3471 litterarum
1221 3402 1340 3471 Graec&

298 3509 403 3556 trum
425 3517 503 3560 usus
526 3505 575 3561 cst
592 3497 729 3562 doctore.

387 3583 454 3650 Sed
470 3609 529 3652 nos
547 3598 672 3674 tempus
691 3598 740 3654 est
756 3588 850 3653 huius
867 3587 940 3654 libri
956 3591 1060 3676 lacera
1078 3593 1174 3660 finem
1192 3603 1225 3658 et
1241 3593 1340 3658 Roma

333 3703 446 3747 norum
468 3681 624 3766 explicare
645 3685 864 3768 imperatores,
892 3707 956 3769 quo
973 3686 1096 3754 facilius
1124 3689 1246 3754 collatis
1271 3691 1356 3749 utrow

332 3800 466 3863 rumque
484 3777 591 3857 factis,
610 3779 666 3863 qui
682 3779 741 3844 viri
757 3779 955 3867 praeferendi
972 3783 1043 3862 sint,
1061 3785 1163 3870 possit
1179 3776 1310 3848 iudicari
