2758 4726
469 249 678 336 ¹ruocrou.
774 259 783 300 ,·
1011 241 1015 251 ’
1058 247 1101 312 69

125 367 189 431 111.
216 366 317 430 Erant
335 387 373 430 eo
386 373 526 448 tempore
534 363 672 428 Athenis
688 363 769 430 duae
785 367 946 450 factiones,
965 389 1098 456 quarum
1118 394 1132 439 1

70 483 139 524 nna
150 460 259 544 populi
272 481 417 524 caussam
431 457 554 544 agebat,
574 457 889 542 altera⁴optimatium
915 464 949 527 in
959 465 1020 530 hac
1033 477 1099 531 erat

69 551 216 616 Phocion
233 559 264 615 et
271 550 455 615 Demetrius
464 550 647 615 Phalereus.
674 551 788 614 harum
804 561 936 635 utraque
948 553 1098 622 Macedo-

68 667 150 708 num
170 643 351 736 patrociniis
374 643 532 708 utebatur:
555 667 629 708 nam
651 644 819 728 populares
837 643 1099 732 Polysperohonti

69 737 230 812 favebant,
249 738 416 822 optimates
433 759 506 802 cum
526 737 706 802 Cassandro
725 737 911 826 sentiebant.
938 741 1063 805 interim
1080 764 1131 809 aa

68 829 338 916 Polysperohonte
367 829 566 895 Cassandrus
592 829 781 896 Macedonia
806 833 918 916 pulsus
945 842 1002 898 est.
1038 856 1099 917 quo

68 922 155 987 facto
171 923 307 1008 populus
327 924 468 1007 superior
484 923 587 990 factus
606 925 711 988 statim
725 925 821 989 duces
837 925 1035 992 adversariae
1053 927 1100 991 fa—

70 1015 183 1080 ctionis
202 1016 312 1100 capitis
331 1016 495 1080 damnatos
513 1017 614 1102 patria
626 1017 773 1102 propulit,
792 1017 826 1080 in
842 1017 893 1082 his
902 1017 1099 1084 Phocionem

69 1119 103 1174 et
119 1109 317 1174 Demetrium
334 1109 539 1187 Phalereum,
563 1110 665 1193 deque
688 1133 726 1173 ea
746 1133 780 1174 re
801 1105 923 1198 legatos
942 1112 983 1176 ad
1000 1111 1107 1198 Poly-5

71 1202 289 1286 sperchoutem
306 1203 400 1277 misit,
419 1203 475 1286 qui
487 1202 527 1266 ab
542 1223 579 1266 eo
596 1211 746 1286 peterent,
766 1211 801 1264 ut
814 1225 872 1267 sus
885 1205 1010 1270 decreta
1024 1227 1099 1272 con-

67 1295 215 1360 firmaret
242 1295 306 1378 huc
324 1296 434 1358 eodem
451 1295 612 1378 profectus
631 1304 679 1358 est
687 1293 839 1358 Phocion.
867 1317 930 1378 quo
947 1308 983 1360 ut
999 1300 1095 1375 venit,
1116 1316 1131 1361 3

66 1409 216 1452 caussam
242 1388 327 1471 apud
343 1386 528 1472 Philippum
554 1409 663 1472 regem
684 1386 795 1464 verbo,
822 1388 949 1472 reipsa
971 1391 1099 1472 quidem

65 1481 154 1564 apud
171 1480 474 1565 Polysperohontem
492 1481 598 1545 iussus
617 1490 666 1544 est
684 1480 803 1544 dicere:
826 1503 962 1564 namque
979 1483 1007 1546 is
1030 1492 1098 1546 tum

5 1623 6 1628 .
65 1575 155 1659 regis
172 1574 267 1638 rebus
284 1583 435 1658 praeerat.
462 1575 515 1637 hic
532 1574 572 1638 ab
590 1573 730 1659 Agnone
747 1584 924 1651 accusatus,
943 1576 1030 1657 quod
1042 1575 1097 1639 Pi·
1114 1595 1131 1640 4

5 1717 8 1722 ι
63 1687 179 1730 raeum
191 1665 339 1730 Nicanori
355 1667 554 1750 prodidisset,
573 1688 613 1730 ex
630 1667 751 1732 consilii
770 1668 924 1731 sententia
940 1669 974 1732 in
992 1678 1097 1732 custo-

5 1813 11 1818 .
64 1758 155 1820 diam
173 1759 341 1836 coniectus,
359 1759 503 1824 Athenas
517 1761 669 1824 deductus
685 1769 741 1837 est,
760 1769 796 1824 ut
808 1760 853 1824 ibi
866 1761 958 1826 deco
971 1761 1095 1846 legibus
1146 1803 1151 1816 ,

62 1851 155 1914 fieret
171 1851 331 1916 iudicium.

116 1942 176 2008 IV.
202 1943 278 2008 Huc
295 1955 479 2028 perventum
497 1955 555 2024 est,
574 1968 647 2010 cum
664 1955 791 2031 propter
808 1955 942 2012 aetatem
958 1945 1093 2032 pedibus
1114 1969 1126 2013 1

10 2059 16 2093 1
61 2036 129 2100 iam
145 2059 209 2101 non
225 2037 343 2101 valeret
360 2039 566 2120 vehiculoque
583 2048 769 2121 portaretur.
796 2041 905 2122 magni
922 2061 1093 2104 concursus

5 2128 12 2186 ί
62 2137 139 2192 sunt
155 2127 246 2210 sacti,
270 2151 342 2192 cum
360 2129 427 2204 alii,
449 2130 687 2192 reminiscentes
704 2128 818 2190 veteris
841 2129 959 2202 famae,
983 2132 1094 2194 aetatis

5 2222 8 2279 ζ
60 2221 301 2295 misererentur,
323 2219 449 2301 plurimi
466 2240 542 2282 vero
563 2219 611 2282 ira
628 2225 854 2309 eracuerentur
875 2229 1002 2301 propter
1023 2240 1096 2302 pro-

6 2351 7 2354 =
60 2313 193 2376 ditionis
221 2311 432 2395 suspicionem
452 2309 571 2388 Piraei,
598 2310 797 2394 maximeque
828 2311 913 2393 quod
943 2311 1095 2376 adversus

60 2401 177 2488 populi
190 2405 356 2468 commoda
372 2405 406 2467 in
424 2413 584 2471 senectute
598 2411 734 2469 steterat.
762 2405 877 2486 quade
895 2426 929 2468 re
946 2426 987 2468 ne
1003 2426 1095 2490 pero·
1113 2427 1128 2472 2

57 2497 154 2560 randi
172 2497 298 2578 quidem
312 2497 341 2560 ei
359 2497 432 2561 data
445 2505 494 2561 est
511 2497 645 2560 facultas
663 2506 695 2560 et
708 2497 833 2561 dicendi
846 2518 1001 2562 caussam.
1020 2498 1094 2562 inde

58 2589 179 2654 iudicio
200 2589 349 2674 legitimis
371 2590 563 2673 quibusdam
585 2589 736 2656 confectis
755 2591 935 2667 damnatus,
959 2591 1092 2654 traditus

62 2692 113 2746 est
134 2682 372 2760 undecimviris,
400 2681 515 2766 quibus
538 2683 579 2747 ad
602 2683 791 2768 supplicium
812 2705 899 2747 more
916 2681 1093 2746 Athenien-

61 2776 145 2840 sium
170 2774 297 2860 publice
319 2776 458 2840 damnati
480 2777 562 2841 tradi
588 2777 699 2840 solent.
731 2775 783 2840 hic
805 2797 878 2840 cum
896 2776 937 2840 ad
958 2785 1090 2840 mortem
1109 2795 1137 2842 a'

61 2869 241 2946 duceretur,
259 2869 371 2932 obvius
391 2871 420 2934 ei
437 2870 498 2934 fuit
514 2870 719 2954 Euphiletus,
743 2891 806 2952 quo
828 2869 1024 2938 familiariter
1041 2871 1092 2934 fu-

64 2971 224 3026 eratusus.
246 2962 274 3026 is
284 2984 356 3026 cum
369 2963 536 3028 lacrimans
550 2963 695 3028 dixisset:
716 2961 767 3042 „0
779 2985 873 3046 quam
882 2963 1013 3049 indigna
1020 2985 1092 3048 per-

63 3053 186 3136 peteris,
195 3053 373 3120 Phocionl“
387 3057 461 3120 huic
473 3057 527 3120 ille
542 3054 608 3135 „At
616 3079 680 3120 non
688 3056 867 3139 inopinata“
878 3055 989 3140 inquit.
1006 3056 1091 3120 hunc

63 3143 150 3207 enim
167 3147 283 3210 exitum
301 3148 443 3232 plerique
457 3149 533 3212 clari
545 3149 605 3212 viri
621 3147 799 3212 habuerunt
806 3146 1030 3213 Athenienses.
1056 3149 1091 3212 in
1107 3169 1125 3214 4

61 3237 123 3302 hoc
135 3247 255 3303 tantum
268 3240 329 3304 fuit
343 3242 450 3305 odium
463 3241 682 3318 multitudinis,
701 3250 736 3305 ut
748 3263 841 3306 nemo
856 3264 952 3307 ausus
963 3243 1004 3306 sit
1017 3263 1090 3306 eum

61 3329 141 3395 liber
159 3331 298 3417 sepelire.
326 3334 432 3418 itaque
451 3359 470 3399 a
488 3336 587 3400 servis
607 3334 747 3419 sepultus
767 3344 823 3400 est.

368 3553 452 3618 XX.
489 3551 782 3620 TIMOLEON.

109 3702 137 3767 I.
166 3703 333 3770 Timoleon
356 3703 548 3771 Corinthius.
581 3707 648 3772 sine
671 3706 767 3772 dubio
789 3725 925 3788 magnus
947 3699 1119 3767 omniumr

55 3796 174 3862 iudicio
196 3799 249 3864 hie
266 3799 315 3863 vir
337 3799 464 3866 exstitit.
499 3822 636 3884 namque
657 3799 732 3862 huic
752 3797 808 3860 uni
831 3794 975 3878 contigit,
1002 3793 1087 3873 quod

58 3891 166 3956 nescio
184 3915 226 3956 an
242 3892 313 3970 ulli,
335 3901 371 3958 ut
388 3903 420 3957 et
440 3894 587 3979 patriam,
610 3893 724 3973 inqua
745 3897 811 3952 erat
827 3895 935 3962 natus,
958 3905 1087 3969 oppres-

58 4005 129 4048 sam
148 4009 168 4050 a
190 3997 321 4074 tyranno
342 3987 505 4072 liberaret,
530 3998 562 4052 et
583 4011 603 4052 a
622 3982 804 4070 Syracusis,
832 3979 947 4066 quibus
969 3979 1086 4046 auxilio
