2732 4722
372 298 373 302 κ
492 279 630 338 couou.
959 237 965 247 ’
1032 273 1076 335 29

40 398 138 464 bulus
156 415 260 480 neque
277 395 412 481 amplius
430 394 606 478 requisivit,
629 415 732 478 neque
749 397 938 480 quemquam
954 397 1072 464 honore

42 514 78 556 se
92 491 301 554 antecessisse
315 483 512 552 existimavit.
531 487 583 552 hic
596 472 740 572 sdquenti
752 499 891 574 tempore
903 513 975 554 cum
982 513 1072 576 prae-
1090 514 1107 560 4

42 595 92 648 tor
110 584 245 648 classem
263 583 304 646 ad
323 580 467 646 Ciliciam
485 581 672 666 appulisset,
690 603 793 666 neque
812 583 888 648 satis
910 584 1075 669 diligenter

41 679 77 742 in
92 677 201 742 castris
215 675 283 741 eius
297 683 464 760 agerentur
472 675 608 760 vigiliae,
623 675 793 741 abarbaris
808 697 848 740 ex
857 676 973 762 oppido
981 685 1076 742 noctu

41 771 207 858 eruptione
224 769 308 835 facta
325 770 359 833 in
376 767 577 849 tabernaculo
595 769 778 834 interfectus
797 778 856 834 est.

404 989 468 1054 IX.
512 987 716 1056 OONON.

98 1145 126 1209 1.
153 1143 277 1222 Conon,
296 1141 516 1219 Atheniensis,
534 1137 765 1226 Peloponnesio
782 1143 866 1208 bello
884 1144 1018 1209 accessit
1035 1143 1076 1208 ad
1096 1169 1109 1214 1

44 1237 307 1324 rempublicam,
333 1237 368 1300 in
390 1257 491 1319 eoque
513 1235 581 1298 eius
604 1257 699 1319 opera
720 1237 828 1320 magni
848 1237 917 1301 fuit.
948 1262 1022 1302 nam
1044 1246 1076 1302 et

46 1339 173 1416 praetor
184 1328 384 1416 pedestribus
399 1327 587 1393 exercitibus
601 1327 737 1411 praefuit
755 1336 787 1391 et
806 1329 982 1410 praefectus
997 1331 1077 1395 clas-

45 1427 90 1490 sis
108 1447 242 1511 magnas
263 1445 315 1488 res
337 1423 417 1487 mari
434 1421 543 1507 gessit.
573 1419 652 1504 quas
676 1420 717 1484 ob
740 1441 869 1484 caussas
891 1421 1079 1505 praecipuus

45 1520 75 1582 ei
94 1519 195 1584 honos
213 1517 340 1582 habitus
359 1525 416 1580 cst.
444 1535 580 1596 namque
598 1513 743 1578 omnibus
761 1535 844 1578 unus
861 1513 972 1578 insulis
989 1534 1080 1598 prae-

42 1613 121 1676 fuit:
139 1613 174 1676 in
190 1633 254 1694 qua
269 1619 425 1696 potestate
442 1608 563 1672 Pheras
582 1609 673 1692 cepit,
692 1608 846 1672 coloniam
864 1607 1080 1676 Lacedaemo-

40 1708 182 1770 niorum.
217 1705 278 1767 fuit
298 1705 393 1769 ctiam
415 1715 555 1767 extremo
576 1700 808 1786 Peloponnesio
834 1701 917 1766 bello
943 1709 1076 1785 praetor,
1096 1727 1111 1774 2

41 1821 122 1863 cum
141 1798 226 1882 apud
239 1795 348 1886 Aegos
363 1797 479 1861 flumen
497 1797 604 1881 copiae
618 1795 860 1861 Atheniensium
875 1819 894 1860 a
908 1794 1078 1878 Lysandro

15 1943 17 1946 .
43 1900 123 1956 sunt
135 1891 285 1956 denatae.
313 1891 372 1956 sed
387 1901 454 1954 tum
467 1889 555 1966 afuit,
575 1911 675 1973 eoque
689 1891 780 1976 peius
798 1911 849 1954 res
863 1889 1079 1954 administrata

16 2019 19 2040 ι
43 1996 105 2050 est.
132 2007 207 2050 nam
224 1994 256 2050 et
271 1985 408 2070 prudens
426 1985 482 2050 rei·
494 1984 635 2050 militaris
655 1995 685 2050 et
703 1985 837 2070 diligens
861 1993 928 2048 erat
944 1984 1079 2067 impera-

15 2101 19 2133 t
45 2089 104 2144 tor.
132 2079 237 2162 itaque
255 2079 372 2142 nemini
390 2088 456 2144 erat
473 2079 523 2143 his
542 2078 736 2163 temporibus
755 2077 900 2155 dubium,
924 2078 952 2142 si
969 2076 1078 2142 affuis-
1096 2101 1111 2148 3

15 2173 23 2224 ἰ’
46 2181 106 2250 set,
124 2173 211 2238 illam
228 2169 442 2236 Athenienses
461 2172 671 2237 calamitatem
689 2180 871 2254 accepturos
889 2191 953 2234 non
969 2169 1077 2236 fuisse.

15 2261 21 2320 t
97 2266 143 2330 Π.
171 2263 281 2330 Rebus
300 2272 406 2328 autem
427 2264 552 2328 afflictis
575 2285 648 2328 cum
668 2263 803 2348 patriam
820 2263 956 2328 obsideri
974 2263 1111 2334 audis-1

15 2379 16 2388 ¹
43 2369 112 2436 set,
136 2379 202 2422 non
223 2357 391 2440 quaesivit,
414 2356 471 2422 ubi
487 2357 556 2441 ipse
574 2365 640 2422 tuto
658 2357 790 2434 viveret,
815 2357 875 2420 sed
890 2357 972 2421 unde
989 2378 1080 2441 prae-

40 2452 130 2518 sidio
147 2459 256 2536 posset
273 2471 343 2516 esse
361 2449 483 2515 civibus
502 2450 577 2514 suis.
604 2450 709 2533 itaque
728 2450 856 2514 contulit
875 2471 908 2516 se
926 2451 967 2514 ad
979 2449 1080 2514 Phar-

43 2545 214 2621 nabazum,
235 2553 392 2629 satrapem
404 2543 513 2608 Ioniae
531 2551 562 2607 et
574 2543 700 2627 Lydiae
714 2543 909 2626 eundemque
927 2565 1080 2629 generum

45 2639 131 2724 regis
150 2646 182 2701 et
194 2637 415 2723 propinquum,
434 2637 519 2722 apud
532 2657 626 2718 quem
640 2645 674 2700 nt
687 2637 820 2700 multum
837 2637 939 2722 gratia
951 2635 1078 2708 valeret,

47 2731 147 2796 multo
168 2729 277 2796 labore
299 2730 469 2812 multisque
492 2729 596 2794 effecit
612 2729 769 2814 periculis.
796 2751 870 2792 nam
888 2749 961 2790 oum
977 2727 1081 2790 Lace·
1098 2753 1113 2800 2

47 2825 205 2890 daemonii
227 2823 477 2889 Atheniensibus
499 2823 631 2888 devictis
653 2823 687 2886 in
709 2823 858 2888 societate
883 2843 948 2886 non
973 2842 1081 2886 mane-

47 2928 132 2996 rent,
151 2941 246 3002 quam
264 2939 336 2984 cum
353 2915 532 2984 Artaxerxe
549 2917 697 2994 fecerant,
716 2917 967 3003 Agesilaumque
983 2915 1081 2981 bella

47 3022 120 3075 tum
136 3011 295 3076 misissent
314 3012 348 3076 in
364 3012 493 3089 Asiam,
516 3012 653 3076 maxime
674 3011 803 3096 impulsi
820 3035 839 3076 a
857 3011 1079 3096 Tissapherne,
1136 3037 1145 3046 ·

46 3103 108 3187 qui
128 3125 168 3168 ex
185 3104 299 3170 intimis
312 3107 396 3192 regis
415 3105 455 3172 ab
474 3107 610 3171 amicitia
624 3106 691 3170 eius
705 3105 863 3170 defecerat
881 3113 912 3167 ct
929 3125 1002 3180 cum
1014 3103 1081 3165 La

48 3197 262 3263 cedaemoniis
280 3199 394 3266 coierat
412 3199 607 3278 societatem,
626 3200 711 3264 huno
728 3199 880 3264 adversus
898 3193 1081 3259 Pharnaba

23 3359 26 3366 ,
48 3313 106 3356 aus
124 3290 252 3357 habitus
271 3301 319 3358 est
335 3293 517 3378 imperator,
535 3315 569 3358 re
587 3295 714 3378 quidem
732 3315 808 3357 vera
825 3289 975 3356 exercitui
991 3309 1082 3374 prae-

46 3384 112 3447 fuit
125 3381 246 3463 Conon,
266 3387 397 3470 eiusque
411 3387 517 3452 omnia
530 3386 656 3452 arbitrio
669 3395 761 3472 gesta
775 3394 856 3450 sunt.
879 3384 935 3449 hie
947 3382 1081 3448 multum
1100 3403 1114 3450 3

45 3478 163 3542 ducem
178 3499 346 3558 summum,
360 3479 558 3567 Agesilaum,
572 3481 746 3566 impedivit,
761 3501 917 3566 saepeque
931 3480 998 3544 eius
1008 3501 1082 3544 con·

50 3571 127 3636 siliis
155 3571 290 3651 obstitit3
316 3597 419 3658 neque
440 3597 516 3639 vero
541 3597 605 3640 non
630 3574 692 3638 fuit
712 3582 868 3660 apertum,
897 3575 924 3638 si
945 3574 997 3640 ille
1018 3593 1116 3640 nont

48 3664 173 3743 fuisset,
192 3665 381 3752 Agesilaum
395 3667 509 3733 Asiam
523 3668 630 3734 Tauro
646 3678 738 3733 tenus
755 3668 825 3754 regi
841 3667 941 3732 fuisse
958 3675 1083 3749 ereptu-

48 3779 128 3822 rum.
157 3760 212 3841 qui
228 3769 436 3844 posteaquam
449 3763 577 3826 domum
591 3785 610 3826 a
624 3763 690 3827 suis
704 3761 826 3826 civibus
839 3767 1004 3824 revocatus
1023 3765 1080 3832 est,
1109 3804 1115 3816 .

46 3853 136 3933 quod
148 3851 262 3918 Boeoti
280 3863 311 3919 et
323 3853 536 3920 Athenienses
542 3854 813 3920 Lacedaemoniis
826 3852 945 3916 bellum
961 3848 1083 3914 indixe-

46 3955 135 4023 rant,
159 3946 272 4014 Conon
293 3950 392 4014 nihilo
414 3953 518 4016 secius
537 3951 622 4035 apud
638 3947 815 4033 praefectos
832 3944 916 4030 regis
935 3941 1083 4010 versaba-

46 4039 231 4126 turbisque
249 4044 395 4110 omnibus
413 4067 530 4132 magno
549 4051 615 4108 erat
631 4042 712 4107 usui.
