2758 4726
327 259 369 324 84
663 253 849 322 CORNELII
860 263 1021 322 NEPOTlS

292 405 305 452 1
375 381 437 448 ΠΙ.
465 381 506 446 In
519 377 664 446 omnibus
682 377 778 444 rebus
798 378 950 464 singulari
966 377 1027 444 suit
1043 380 1207 446 industria.
1235 405 1304 447 nam
1315 393 1338 447 et

324 474 463 562 agricola
485 473 610 550 sollers,
634 481 666 536 et
684 470 744 557 [rei
761 470 919 556 publicae]
939 473 1057 556 peritus
1080 474 1156 538 iuris
1180 477 1337 552 consultus,

228 627 231 634 .
325 579 357 636 et
373 590 508 656 magnus
525 567 703 652 imperator,
722 573 754 629 et
765 564 936 650 probabilis
951 575 1063 643 orator,
1083 576 1114 630 et
1128 569 1338 653 cupidissimus

291 663 497 731 rlittcrarum
522 657 592 726 suit.
628 681 760 742 quarum
787 658 926 722 studium
953 660 1014 724 etsi
1040 662 1143 726 senior
1169 664 1339 750 arripuerat,

325 767 432 822 minen
456 763 578 820 tantum
603 773 806 838 progressum
832 751 921 829 fecit,
953 763 988 816 ut
1014 777 1079 818 non
1104 755 1196 819 facile
1223 756 1341 842 reperiri

324 850 543 936 possitneque
561 847 600 911 de
619 843 750 911 Graecis
768 866 870 928 neque
888 846 927 910 de
946 846 1066 911 Italicis
1084 848 1193 926 rebus,
1220 847 1340 932 quodsi

325 943 420 1008 suerit
453 941 656 1027 incognitum.
700 937 740 1003 ab
771 939 982 1004 adolescentia
1017 941 1153 1005 confecit
1182 943 1340 1006 orationes.

291 1059 307 1106 a
326 1057 424 1102 senex
439 1029 586 1098 historias
600 1029 734 1098 scribere
752 1030 895 1096 instituit.
925 1055 1032 1097 earum
1046 1044 1120 1098 sunt
1131 1033 1341 1121 libriseptem.

322 1132 443 1216 primus
462 1127 599 1194 continet
615 1150 666 1192 res
684 1136 791 1214 gestas
809 1149 920 1214 regum
937 1129 1046 1214 populi
1064 1129 1215 1208 Romani,
1241 1152 1343 1195 secun-

322 1224 383 1288 dus
402 1232 434 1286 et
454 1220 578 1300 tertius,
601 1221 686 1285 unde
708 1242 851 1305 quaeque
874 1222 983 1286 civitas
1007 1231 1074 1287 orta
1099 1223 1139 1286 sit
1160 1223 1283 1288 Italica:
1309 1222 1343 1286 ob

325 1339 421 1402 quam
441 1337 510 1382 rem
531 1337 640 1382 omnes
660 1313 808 1402 Origines
827 1316 950 1380 videtur
972 1316 1158 1402 appellasse.
1186 1318 1220 1380 in
1240 1325 1341 1400 quarto

325 1421 431 1476 autem
447 1409 565 1478 bellum
574 1410 747 1477 Poenicum
765 1419 813 1476 est
829 1411 976 1495 primum,
995 1411 1028 1475 in
1041 1412 1149 1495 quinto
1168 1411 1343 1476 secundum.

260 1511 263 1518 '
290 1524 307 1570 4
326 1515 419 1590 atque
436 1505 634 1570 haecomnia
651 1505 844 1588 capitulatim
863 1513 935 1568 sunt
952 1505 1044 1569 dicta
1070 1506 1253 1590 reliquaque
1270 1503 1345 1569 bella

324 1600 393 1684 pari
409 1598 504 1663 modo
520 1607 703 1683 persecutus
722 1607 771 1661 est
788 1619 889 1682 usque
906 1598 947 1662 ad
964 1607 1142 1683 praeturam
1157 1597 1262 1664 Servii
1277 1595 1347 1664 Gal-

322 1691 394 1768 bae,
413 1691 469 1773 qui
485 1691 613 1775 diripuit
629 1690 813 1754 Lusitanos.
841 1700 934 1772 atque
952 1691 1065 1756 horum
1082 1692 1236 1757 bellorum
1254 1693 1347 1756 duces
1371 1771 1372 1778 ἵ

324 1805 389 1848 non
405 1782 587 1857 nominavit,
608 1782 664 1844 sed
682 1782 749 1846 sine
766 1781 946 1844 nominibus
964 1805 1015 1847 res
1033 1786 1161 1848 notavit.
1188 1787 1220 1849 in
1237 1785 1350 1849 iisdem
1371 1833 1372 1842 ,

325 1874 479 1956 exposuit,
498 1873 629 1953 quae'in
642 1871 735 1934 Italia
747 1871 976 1954 Hispaniisque
994 1883 1048 1936 aut
1064 1876 1175 1938 fierent
1192 1887 1246 1940 aut
1266 1878 1353 1940 vide-
1371 1863 1372 1950 l

323 1973 431 2028 rentur
447 1963 638 2027 admiranda.
669 1964 702 2026 in
720 1963 835 2046 quibus
852 1963 951 2028 multa
968 1965 1120 2028 industria
1138 1975 1169 2028 et
1186 1967 1356 2050 diligentia
1371 1995 1372 2008 ¹

291 2076 306 2123 5
325 2069 494 2143 oomparet,
516 2057 603 2122 nulla
620 2057 770 2121 doctrina.
801 2057 895 2122 huius
913 2058 953 2123 de
971 2059 1036 2124 vita
1053 2068 1085 2124 et
1100 2058 1240 2123 moribus
1259 2060 1355 2142 plura

325 2152 359 2216 in
376 2173 414 2216 eo
435 2150 516 2216 libro
532 2152 689 2236 persecuti
706 2173 831 2228 sumus,
855 2173 950 2234 quem
969 2151 1137 2237 separatim
1161 2153 1200 2215 de
1218 2171 1256 2214 eo
1276 2151 1353 2216 feci-

265 2265 269 2272 ·
324 2267 396 2310 mus
413 2254 526 2332 rogatu
539 2245 605 2310 Titi
617 2244 786 2330 Pomponii
798 2243 907 2312 Attici.
935 2267 1031 2330 quare
1050 2245 1208 2310 studiosos
1219 2243 1347 2311 Catonis

325 2339 366 2402 ad
383 2339 460 2402 illud
478 2339 625 2404 volumen
643 2339 836 2426 delegamus.

444 2554 560 2621 xxv.
596 2555 635 2621 n.
658 2554 967 2624 Pomponius
990 2531 1235 2626 Audiens,

292 2727 305 2774 1
375 2709 403 2772 1.
431 2708 469 2773 Τ.
483 2708 679 2794 Pomponius
691 2707 828 2788 Atticus,
848 2710 888 2776 ab
906 2712 1026 2798 origine
1044 2713 1154 2777 ultima
1172 2713 1343 2798 stirpisRo·

324 2823 436 2866 manae
457 2813 639 2886 generatus,
666 2813 817 2888 perpetuo
840 2827 860 2868 a
876 2805 1047 2870 maioribus
1070 2809 1233 2891 acceptam
1258 2825 1341 2889 eque-

291 2911 306 2958 2
326 2901 422 2956 strem
435 2893 568 2958 obtinuit
585 2896 778 2983 dignitatem.
804 2907 893 2981 patre
910 2921 987 2964 usus
1003 2908 1051 2964 est
1064 2899 1214 2985 diligente
1234 2897 1340 2985 [indul-

325 2981 432 3072 gente]
447 2995 487 3064 et,
506 2996 541 3051 ut
554 2996 622 3052 tum
635 2998 723 3053 erant
735 2998 885 3074 tempora,
907 2991 964 3056 diti
976 2993 1009 3056 in
1022 2993 1195 3077 primisque
1209 2993 1340 3056 studioso

324 3079 505 3145 litterarum.
531 3079 593 3160 hic,
606 3091 699 3167 prout
711 3083 780 3168 ipse
794 3083 920 3150 amabat
933 3085 1060 3163 litteras,
1076 3085 1220 3150 omnibus
1236 3082 1341 3150 doctri·

315 3174 383 3250 nis,
403 3173 518 3258 quibus
536 3175 664 3260 puerilis
688 3185 774 3242 aetas
796 3177 948 3264 impertiri
965 3178 1068 3256 debet,
1087 3179 1187 3243 filium
1205 3175 1340 3244 erudivit.

292 3283 310 3352 3,
325 3274 390 3332 erat
416 3276 521 3331 autem
546 3268 580 3330 in
605 3290 704 3352 puero
725 3279 850 3354 praeter
871 3271 1060 3336 docilitatem
1082 3271 1202 3359 ingenii
1223 3287 1340 3334 summa

325 3359 464 3424 suavitas
487 3360 550 3425 oris
573 3381 610 3422 ao
631 3362 732 3437 vocis,
756 3371 875 3426 utnon
898 3364 1001 3427 solum
1022 3365 1164 3432 celeriter
1185 3365 1339 3450 acciperet,

325 3471 405 3531 quae
423 3451 633 3529 tradebantur,
653 3453 710 3517 sed
727 3453 821 3517 etiam
835 3455 1022 3522 excellenter
1037 3461 1263 3544 pronuntiaret.
1286 3475 1340 3541 qua

325 3561 365 3602 ex
382 3561 416 3604 re
432 3542 466 3604 in
482 3544 617 3625 pueritia
637 3544 751 3610 nobilis
774 3546 854 3610 inter
875 3550 1022 3632 aequales
1044 3553 1204 3620 ferebatm·
1221 3552 1340 3618 clarius·

324 3654 385 3717 que
407 3633 700 3719 exsplendesoebat,
727 3660 822 3721 quam
843 3645 989 3727 generosi
1011 3648 1219 3734 condiscipuli
1245 3646 1339 3712 animo

289 3748 307 3794 4
325 3749 426 3811 aequo
447 3727 530 3792 ferre
550 3739 689 3814 possent
724 3732 830 3816 itaque
851 3734 1002 3803 incitabat
1019 3763 1128 3806 omnes
1152 3741 1258 3807 studio
1276 3759 1339 3812 suo;

324 3843 387 3904 quo
408 3821 443 3886 in
463 3845 595 3889 numero
616 3823 744 3891 fuenrnt
764 3827 806 3892 L.
825 3828 1020 3915 Torquatus,
1045 3833 1083 3901 C.
1101 3835 1226 3901 Marius
1254 3833 1338 3905 filius,

324 3913 372 3979 M.
392 3915 519 3996 Cicero,
541 3939 622 4003 quos
640 3923 864 3990 consuetudine
884 3947 942 3994 sua
963 3929 1009 3995 sic
1026 3929 1179 4012 devinxit,
1203 3939 1239 3995 ut
1255 3944 1338 3995 nemo

325 4006 374 4074 his
390 4021 542 4097 perpetuo
559 4013 653 4080 suerit
670 4017 778 4086 carior.
