2758 4726
289 289 332 352 96
619 295 804 355 CORNELII
817 295 980 354 NEPOTIS
1337 328 1338 416 p

289 423 376 480 retur
391 413 537 500 migrare,
556 433 630 476 oum
644 412 771 496 quidem
779 409 924 497 Agrippa
938 434 1011 476 eum
1024 412 1103 477 flens
1117 419 1210 496 atque
1222 435 1306 478 oscu-

257 507 359 576 alans
378 517 481 572 oraret
497 516 592 591 atque
610 506 796 583 obsecraret,
815 528 855 570 ne
873 507 914 571 ad
930 505 972 584 id,
991 508 1077 591 quod
1092 516 1205 573 natura
1221 529 1307 594 coge·
1338 532 1339 596 l

290 610 347 679 ret,
365 601 434 686 ipse
451 622 576 685 quoque
594 599 655 682 sibi
671 599 871 677 acceleraret,
891 608 923 664 et
939 601 1087 683 quoniam
1104 610 1172 665 tum
1189 623 1308 686 quoque

290 703 399 780 posset
419 693 611 780 temporibus
635 715 812 778 superesse,
841 715 875 758 se
898 693 960 758 sibi
982 694 1110 778 suisque
1131 705 1306 772 reservaret,
1339 736 1340 774 3

258 810 274 858 s
291 809 400 873 preces
419 788 486 854 eius
504 787 658 852 tacituma
675 809 734 851 sua
751 786 960 855 obstinatione
977 787 1141 873 depressit.
1174 789 1219 853 sic
1241 811 1308 853 cum

292 881 424 947 biduum
441 881 512 946 cibo
530 903 564 946 se
582 880 793 959 abstinuisset,
813 879 916 945 subito
934 880 1032 945 febris
1050 881 1186 946 decessit
1202 882 1310 947 levior-
1340 938 1341 958 ,

292 998 353 1060 que
375 974 502 1042 morbus
525 998 596 1040 esse
613 976 725 1060 coepit.
756 985 862 1040 tamen
882 977 1079 1061 propositum
1095 975 1309 1041 nihilosecius

291 1070 422 1155 peregit.
447 1070 553 1153 itaque
567 1070 618 1134 die
631 1070 740 1153 quinto
757 1078 839 1155 post,
858 1092 952 1154 quam
965 1070 999 1134 id
1013 1071 1176 1135 consilium
1194 1071 1309 1147 inierat,

291 1163 391 1246 pridie
408 1161 564 1228 Calendas
579 1161 707 1248 Apriles
727 1163 787 1228 On.
797 1163 950 1242 Domitio,
970 1163 1008 1228 O.
1022 1161 1115 1229 Sosio
1134 1163 1312 1228 consulibus

257 1254 436 1320 adecessit.
472 1257 572 1322 elatus
599 1266 648 1323 est
672 1257 707 1322 in
730 1257 888 1336 lecticula,
915 1265 951 1322 ut
972 1257 1042 1343 ipse
1063 1258 1313 1343 praescripserat,

293 1350 360 1416 sinc
376 1349 442 1416 ulla
458 1371 575 1439 pompa
587 1351 716 1431 funeris,
736 1353 956 1418 comitantibus
970 1353 1116 1418 omnibus
1130 1351 1227 1429 bonis,
1245 1375 1315 1415 ma-

291 1444 378 1510 xima
390 1446 479 1532 vulgi
496 1447 680 1530 frequentia.
708 1449 848 1534 sepultus
863 1457 911 1513 est
927 1447 1016 1511 iuxta
1029 1444 1263 1535 viam'Appiam
1276 1443 1315 1512 ad

292 1538 435 1622 quintum
451 1540 589 1626 lapidem
605 1541 639 1605 in
656 1544 857 1607 monumento
876 1541 916 1624 Q.
933 1539 1071 1619 Caecilii,
1091 1537 1240 1605 avunculi
1259 1538 1314 1603 sui.
