2758 4726
185 233 187 242 '
297 244 344 336 Ι92
639 251 999 310 conuunnuarours

303 369 437 446 modica,
455 389 521 433 non
533 367 643 450 multa,
663 377 698 432 ut
715 369 749 432 in
761 377 905 434 neutram
921 375 1044 452 partem
1057 369 1197 454 conspici
1213 380 1326 456 posset

270 488 285 534 a
303 485 362 529 nec
374 461 561 548 praeteribo,
580 483 772 545 quamquam
784 461 942 526 nonnullis
955 462 1025 528 leve
1040 463 1144 528 visum
1157 464 1196 528 iri
1209 474 1325 550 putem:

303 581 376 624 cum
393 558 426 620 in
443 557 553 641 primis
570 555 675 622 lautus
694 564 778 620 esset
795 577 892 638 eques
909 555 1073 621 Romanus
1092 566 1123 622 et
1140 581 1206 624 non
1221 581 1343 644 parum

301 650 471 718 liberaliter
493 651 622 714 domum
645 672 735 714 suam
757 650 897 714 omnium
910 649 1065 716 ‘ordinum
1087 651 1233 718 homines
1255 653 1325 717 invi-

303 754 392 822 taret,
412 745 543 820 scimus,
566 766 631 808 non
654 743 790 828 amplius
808 765 904 828 quam
922 753 1010 822 terna
1026 744 1113 810 milia
1132 743 1245 832 [aeris]
1265 767 1325 831 per-

303 860 403 924 aeque
424 839 458 902 in
481 837 620 924 singulos
644 859 769 903 menses
792 859 832 902 ex
850 837 1048 923 ephemeride
1066 861 1140 904 eum
1157 861 1325 926 expensum

270 957 284 1002 7
304 933 443 1018 sumptui
456 931 537 996 forre
556 931 692 996 solitum.
720 940 814 1015 atque
831 931 892 1025 hoc
904 953 969 997 non
982 931 1134 1011 auditum,
1153 934 1211 998 sed
1226 935 1326 1021 cogni·

303 1037 371 1094 tum
389 1027 622 1112 praedicamus:
648 1047 743 1111 saepe
765 1025 850 1090 enim
871 1035 999 1112 propter
1016 1025 1263 1094 familiaritatem
1280 1029 1327 1094 do-

301 1121 442 1188 mesticis
459 1119 554 1184 rebus
572 1119 782 1186 interfuimus.

269 1237 283 1282 1
353 1211 450 1278 XIV.
482 1213 584 1278 Nemo
609 1214 644 1278 in
666 1214 810 1280 convivio
838 1215 906 1280 eius
929 1213 1015 1278 aliud
1040 1236 1186 1280 acroama
1211 1217 1328 1282 audivit

302 1329 396 1391 quam
415 1316 624 1394 anagnosten,
646 1308 732 1391 quod
749 1331 806 1374 nos
825 1308 952 1392 quidem
969 1308 1229 1374 iucundissimum
1247 1308 1330 1374 arbi·

302 1411 435 1481 tramur3
461 1423 564 1487 neque
590 1425 741 1487 umquam
768 1403 835 1468 sine
861 1403 966 1486 aliqua
991 1401 1124 1468 lectione
1150 1404 1236 1490 apud
1260 1425 1328 1468 eum

302 1505 468 1562 coenatum
487 1505 544 1574 est,
563 1505 679 1562 utnon
696 1497 802 1562 minus
820 1497 925 1561 animo
938 1497 1034 1580 quarn
1051 1505 1160 1562 ventre
1178 1498 1328 1564 convivae

268 1612 284 1658 2
302 1589 538 1656 delectarentur.
566 1610 703 1672 namque
719 1611 775 1654 eos
788 1589 932 1667 vocabat,
953 1611 1087 1674 quorum
1104 1613 1208 1656 mores
1229 1615 1250 1656 a
1269 1585 1345 1655 suis

301 1705 365 1748 non
383 1682 592 1748 abhorrerent
620 1703 693 1746 cum
710 1690 797 1747 tanta
813 1683 966 1767 pecuniae
979 1682 1064 1748 facta
1076 1693 1162 1750 esset
1179 1683 1328 1757 accessio,

301 1776 379 1840 nihil
397 1777 436 1840 de
462 1775 645 1858 quotidiano
663 1774 750 1838 cultu
771 1775 918 1852 mutavit,
941 1775 1019 1840 nihil
1036 1777 1076 1842 de
1098 1777 1181 1842 vitae
1199 1799 1331 1844 consue-

300 1869 417 1943 tudine,
437 1876 584 1949 tantaque
603 1888 679 1930 usus
693 1867 981 1945 estmodcratione,
1000 1883 1035 1932 ut
1047 1890 1149 1952 neque
1167 1871 1201 1934 in
1215 1881 1332 1936 sester-

301 1961 343 2024 tio
365 1959 476 2036 vicies,
503 1959 589 2042 quod
610 1982 629 2022 a
651 1966 739 2044 patre
761 1967 938 2044 acceperat,
965 1981 1077 2045 parum
1103 1982 1138 2024 se
1164 1961 1333 2044 splendide

299 2054 447 2141 gesserit,
478 2075 582 2138 nequo
612 2053 646 2117 in
680 2053 822 2118 sestertio
853 2053 971 2120 centies
1006 2053 1185 2118 affluentius
1215 2053 1346 2118 vixerit,

300 2171 396 2233 quam
413 2148 604 2224 instituerat,
626 2146 756 2232 parique
778 2146 906 2232 fastigio
925 2147 1044 2212 steterit
1064 2147 1098 2209 in
1114 2155 1251 2228 utraque
1272 2147 1346 2212 for-1

267 2262 282 2308 s
300 2252 386 2308 tuna.
412 2241 516 2306 nullos
533 2238 645 2305 habuit
660 2239 779 2318 hortos,
798 2240 917 2304 nullam
935 2237 1148 2304 suburbanam
1165 2247 1220 2304 aut
1238 2241 1328 2306 mari-

300 2337 411 2402 timam
429 2343 646 2420 sumptuosam
659 2333 776 2412 villam,
795 2355 897 2418 neque
915 2333 1059 2410 inltalia,
1077 2341 1200 2418 praeter
1208 2330 1329 2398 Arreti·

299 2451 376 2494 num
394 2438 426 2494 et
442 2429 689 2506 Nomentanum,
708 2428 861 2494 rusticum
877 2428 1055 2513 praedium;
1078 2427 1246 2511 omnisque
1265 2428 1326 2493 eius

298 2521 451 2608 pecuniae
467 2521 587 2586 reditus
606 2520 771 2585 constabat
786 2521 998 2606 inEpiroticis
1013 2530 1045 2586 et
1060 2520 1189 2586 urbanis
1203 2542 1328 2606 posses·

300 2614 452 2682 sionibus.
488 2636 529 2679 ex
550 2636 614 2697 quo
636 2615 787 2700 cognosci
812 2624 930 2701 potest,
958 2637 1052 2680 usum
1078 2635 1152 2680 eum
1176 2614 1325 2700 pecuniae

298 2733 364 2776 non
381 2707 607 2796 magnitudino,
627 2709 684 2774 sed
700 2709 821 2774 ratione
838 2709 942 2776 metiri
960 2710 1096 2776 solitum.

266 2826 280 2871 1
351 2802 430 2870 XV.
462 2801 668 2868 Mendacium
693 2825 796 2887 neque
824 2803 949 2870 dicebat
975 2825 1077 2890 neque
1103 2804 1170 2890 pati
1195 2810 1322 2889 poterat

297 2896 404 2980 itaque
422 2896 491 2962 eius
509 2896 640 2960 comitas
659 2919 723 2962 non
741 2897 808 2962 sine
827 2898 991 2964 severitate
1010 2906 1085 2975 erat,
1103 2919 1208 2980 nequo
1226 2895 1324 2983 gravi-

298 2998 347 3056 tas
367 2989 436 3055 sine
453 2987 618 3067 facilitate,
642 2999 677 3054 ut
690 2990 823 3056 difficile
842 3001 927 3056 esset
943 2991 1112 3067 intellectu,
1131 2999 1239 3054 utrum
1258 3009 1322 3054 eum

298 3083 392 3150 amici
408 3083 511 3170 magis
529 3092 711 3150 vererentur
732 3107 773 3150 an
790 3094 940 3151 amarent.
972 3084 1125 3170 quidquid
1146 3083 1321 3170 rogabatur,

297 3177 444 3264 religiose
465 3177 681 3263 promittebat,
705 3179 791 3262 quod
807 3201 871 3245 non
893 3178 1045 3256 liberalis,
1069 3178 1126 3243 sed
1148 3177 1226 3242 levis
1244 3173 1322 3240 arbi-

264 3293 279 3339 2
298 3271 439 3338 trabatur
454 3271 604 3356 polliceri,
623 3273 709 3355 quod
725 3282 884 3357 praestare
901 3295 966 3340 non
982 3281 1100 3358 posset.
1127 3271 1209 3336 idem
1226 3269 1260 3332 in
1276 3267 1323 3330 ni-

297 3364 402 3442 tendo,
421 3364 506 3447 quod
524 3363 621 3428 semel
639 3365 809 3442 annuisset,
829 3375 916 3431 tanta
929 3375 996 3430 erat
1009 3388 1094 3443 cura,
1112 3373 1225 3430 utnon
1237 3382 1321 3426 man-

296 3457 414 3534 datam,
433 3457 491 3521 aed
509 3479 598 3522 suam
611 3478 678 3520 rem
691 3457 849 3522 videretur
866 3481 970 3544 agere.
998 3481 1172 3543 numquam
1186 3451 1320 3540 suscepti

296 3549 415 3632 negotii
433 3569 506 3614 eum
523 3558 703 3634 pertaesum
721 3557 782 3616 est:
802 3573 892 3617 suam
910 3553 993 3618 enim
1011 3552 1274 3620 existimationem
1290 3547 1319 3610 in

263 3662 335 3714 eea
350 3662 385 3706 re
407 3641 460 3727 agi
481 3641 625 3725 putabat,
649 3665 712 3728 qua
733 3645 810 3710 nihil
831 3644 969 3712 habebat
991 3648 1104 3712 carius.
1132 3668 1196 3731 quo
1218 3642 1318 3718 fiebat

295 3745 332 3802 ut
349 3735 455 3803 omnia
469 3734 668 3816 Ciceronum,
689 3736 821 3826 [Marci]
839 3739 980 3819 Catonis,
1000 3739 1041 3824 Q.
1051 3740 1229 3818 Hortensii,
1247 3733 1318 3803 Aul

295 3830 458 3916 Torquati,
472 3831 642 3898 multorum
651 3843 813 3918 praeterea
822 3835 963 3918 equitum
970 3835 1188 3902 Romanorum
1196 3829 1318 3918 negotia

293 3934 485 4009 procuraret.
512 3948 552 3994 ex
569 3948 632 4012 quo
649 3927 782 3994 iudicari
797 3936 929 4013 poterat,
947 3951 1012 3996 non
1028 3931 1149 4009 inertia,
1169 3928 1228 3994 sed
1244 3923 1318 3992 iudi·

294 4019 344 4084 cio
363 4020 484 4106 fugisse
501 4023 547 4090 rei
564 4023 710 4109 publicae
727 4023 985 4110 procurationem.
