2732 4722
305 277 346 342 36
639 284 825 343 CORNELII
838 283 998 342 NEPOTIS

270 428 286 474 5
304 414 339 469 ut
355 403 497 469 exaudiri
513 402 614 488 possit
630 400 718 465 foris.
743 400 809 478 hio,
834 401 915 464 sicut
932 408 1003 464 ante
1026 422 1120 485 saepe
1138 401 1256 466 dictum
1274 410 1336 479 est,

304 521 399 582 quam
416 497 519 561 invisa
537 497 578 561 sit
595 494 763 580 singularis
780 494 920 578 potentia
937 503 969 558 et
985 494 1163 558 miseranda
1180 495 1259 571 vita,
1279 496 1338 578 qui

305 614 340 657 se
357 591 455 655 metui
472 612 567 673 quam
585 589 683 654 amari
700 587 835 664 malunt,
859 587 958 651 cuivis
976 586 1068 651 facile
1086 586 1246 652 intellectu
1262 587 1338 652 suit.

272 708 286 754 s
304 705 440 768 namque
461 683 507 746 illi
527 683 590 768 ipsi
615 681 776 758 custodes,
790 686 792 690 ’
805 680 832 744 si
843 680 979 764 ‘propria
1003 680 1138 744 fuissent
1162 679 1338 760 voluntate,

304 777 426 844 foribus
445 776 580 841 effractis
595 796 719 838 servare
734 795 807 837 eum
819 773 1004 858 potuissent,
1024 775 1110 856 quod
1125 773 1171 838 illi
1187 773 1338 853 inermes,

305 873 403 937 telum
419 870 497 936 foris
518 869 709 954 flagitantes,
732 867 841 930 vivum
859 866 1015 931 tenebant.
1043 868 1095 932 cui
1117 887 1189 932 cum
1207 889 1340 932 succur-

305 973 387 1031 reret
403 985 508 1040 nemo,
528 962 620 1046 Lyco
638 960 767 1043 quidam
786 957 1005 1044 Syracusanus
1023 982 1079 1046 per
1096 959 1248 1036 fenestras
1267 961 1340 1046 gla-

306 1060 394 1123 dium
411 1057 510 1131 dedit,
529 1077 592 1137 quo
609 1053 698 1118 Dion
714 1053 898 1118 interfectus
917 1063 973 1118 est.

249 1149 251 1153 ⁸
274 1175 287 1221 1
358 1152 404 1216 X.
433 1148 588 1215 Confecta
611 1149 707 1212 caede
734 1171 807 1212 cum
832 1147 1000 1212 multitudo
1022 1148 1145 1212 visendi
1166 1147 1268 1234 gratia
1289 1149 1341 1213 in-

266 1237 273 1244 *
305 1246 445 1322 troisset,
468 1243 611 1308 nonnulli
633 1243 672 1307 ab
695 1233 806 1307 insciis
821 1265 878 1327 pro
900 1243 1002 1308 noxiis
1021 1242 1234 1307 conciduntur.
1261 1265 1342 1307 nam

307 1339 400 1404 celeri
416 1360 542 1404 rumore
564 1337 675 1415 dilato,
698 1337 798 1402 Dioni
814 1337 880 1400 vim
902 1337 1041 1413 allatam,
1064 1335 1155 1400 multi
1172 1357 1343 1401 concurre-

305 1442 390 1512 rant,
413 1433 528 1518 quibus
551 1433 613 1497 tale
635 1433 758 1497 facinus
780 1431 973 1517 displicebat.
1000 1431 1034 1494 hi
1055 1430 1137 1496 falsa
1158 1430 1343 1515 suspicione

273 1549 288 1597 2
308 1529 393 1592 ducti
414 1529 614 1592 immerentes
637 1536 672 1588 ut
695 1528 862 1591 sceleratos
885 1526 1040 1590 occidunt.
1066 1525 1160 1590 huius
1179 1525 1218 1588 de
1235 1533 1343 1589 morte

307 1632 343 1686 ut
359 1621 465 1706 palam
486 1621 686 1694 factumest,
709 1619 892 1684 mirabiliter
914 1621 1002 1707 vulgi
1024 1627 1143 1684 mutata
1160 1628 1209 1684 est
1225 1617 1345 1682 volun-

307 1725 366 1778 tas.
393 1715 538 1796 namqui
559 1713 667 1776 vivum
689 1733 761 1774 eum
784 1723 951 1795 tyrannum
973 1715 1159 1791 vocitarent,
1182 1713 1280 1777 iidem
1303 1713 1346 1776 li·

307 1808 483 1873 beratorem
495 1805 613 1888 patriae
628 1805 813 1887 tyrannique
827 1805 1026 1887 expulsorem
1039 1806 1273 1890 praedicabant
1294 1807 1346 1871 sic

309 1899 412 1962 subito
430 1896 642 1960 misericordia
654 1896 726 1958 odio
745 1906 948 1972 successerat,
960 1907 1003 1958 'nt
1021 1919 1093 1960 eum
1112 1919 1170 1962 suo
1184 1899 1347 1983 sanguine

234 2009 238 2018 ’
257 2011 289 2056 -3
308 1989 347 2052 ab
369 1981 565 2063 Acherunte,
594 1988 621 2050 si
642 1996 785 2071 possent,
813 1998 962 2072 cuperent
982 1989 1144 2051 redimere.
1176 1989 1283 2072 itaque
1312 1992 1351 2054 in

307 2081 385 2145 urbe
416 2079 618 2145 celeberrimo
643 2080 728 2158 loco,
760 2079 859 2144 elatus
889 2080 1028 2164 publice,
1060 2079 1196 2164 sepulcri
1225 2103 1352 2146 monu-

307 2184 413 2240 mento
427 2176 561 2238 donatus
580 2181 637 2238 est.
665 2173 749 2238 diem
767 2173 844 2237 obiit
861 2174 982 2238 circiter
995 2195 1093 2238 anuos
1108 2173 1354 2256 quinquaginta

308 2269 447 2353 quinque
464 2277 570 2345 natus,
594 2276 739 2351 quartum
757 2275 829 2352 post
851 2289 981 2344 annum,
1004 2287 1101 2350 quam
1118 2287 1159 2330 ex
1177 2263 1351 2348 Pelopon-

308 2385 386 2426 neso
404 2363 438 2425 in
456 2361 599 2426 Siciliam
615 2363 759 2426 redierat.

604 2577 668 2641 XI.
704 2576 1040 2644 IPHICRATES.

278 2738 299 2800 ι’
362 2733 389 2796 Ι.
416 2730 589 2816 Iphicrates
607 2729 812 2795 Atheniensis
833 2753 898 2796 non
920 2740 984 2794 tam
1002 2731 1217 2817 magnitudine
1234 2752 1343 2795 rerum

310 2833 471 2911 gestarum
484 2845 580 2907 quam
594 2825 758 2908 disciplina
771 2824 897 2888 militari
908 2825 1088 2889 nobilitatus
1103 2833 1159 2890 est.
1182 2824 1243 2888 fuit
1258 2824 1342 2888 enim

310 2919 381 2982 talis
399 2917 478 2994 dux,
502 2927 618 2983 utnon
641 2919 743 2982 solum
765 2919 875 2983 aetatis
894 2941 969 2983 suae
991 2941 1065 2983 cum
1085 2917 1194 3004 primis
1213 2939 1342 3002 compa-

310 3020 439 3089 raretur,
459 3012 572 3076 sedne
590 3012 630 3075 de
643 3011 812 3076 maioribus
831 3021 912 3076 natu
924 3013 1051 3096 quidem
1069 3013 1237 3096 quisquam
1255 3019 1342 3076 ante-

278 3127 293 3173 2
310 3114 487 3191 poneretur.
514 3105 648 3170 multum
665 3127 740 3170 vero
758 3105 795 3170 in
804 3105 887 3171 bello
906 3117 954 3172 est
970 3115 1124 3184 versatus,
1144 3127 1237 3190 saepe
1253 3126 1341 3169 exer·

213 3221 214 3225 ’
312 3200 424 3264 citibus
442 3199 592 3284 praefuit,
611 3221 769 3284 nusquam
787 3201 879 3284 culpa
897 3201 978 3264 male
996 3223 1063 3264 rem
1080 3201 1193 3286 gessit,
1218 3219 1341 3283 semper

313 3292 442 3358 consilio
460 3292 535 3355 vicit
556 3300 740 3377 tantumque
759 3315 796 3358 eo
813 3293 926 3367 valuit,
945 3301 981 3355 ut
997 3292 1097 3356 multa
1113 3293 1146 3356 in
1162 3313 1197 3356 re
1215 3290 1341 3355 militari

279 3407 294 3454 3
312 3385 425 3469 partim
442 3405 525 3448 nova
542 3386 691 3464 attulerit,
714 3386 826 3470 partim
845 3384 974 3447 meliora
991 3383 1108 3448 fecerit.
1135 3405 1273 3468 namque
1289 3382 1341 3447 ille

312 3477 469 3560 pedestria
482 3501 569 3542 arma
581 3479 722 3544 mutavit.
743 3499 814 3541 cum
828 3485 898 3539 ante
907 3476 996 3539 illum
1009 3477 1228 3562 imperatorem
1241 3477 1341 3542 maxi-

313 3569 373 3633 mis
392 3569 509 3654 clipeis,
528 3571 676 3636 brevibus
694 3570 803 3644 hastis,
822 3569 950 3634 minutis
964 3570 1077 3656 gladiis
1095 3581 1272 3648 uterentur,
1291 3571 1340 3635 ille

314 3685 331 3728 e
349 3666 503 3730 contrario
520 3665 636 3748 peltam
653 3685 710 3747 pro
724 3685 833 3746 parma
844 3662 920 3726 fecit
937 3663 971 3746 (a
988 3687 1050 3749 quo
1062 3675 1172 3752 postea
1188 3666 1341 3751 peltastae

312 3759 435 3842 pedites
452 3755 670 3842 appellantur),
689 3765 725 3818 ut
742 3757 782 3820 ad
800 3766 904 3822 motus
923 3781 1155 3844 concursusque
1173 3770 1283 3825 essent
1299 3760 1341 3822 le-

313 3852 432 3925 viores;
453 3850 563 3912 hastae
580 3850 710 3913 modum
728 3849 915 3936 duplicavit,
938 3854 1060 3938 gladios
1078 3853 1236 3940 longiores
1256 3853 1339 3918 fecit.

280 3943 398 4010 tidem
419 3963 520 4027 genus
533 3941 708 4028 ,loricarum
730 3953 761 4008 et
782 3967 838 4030 pro
861 3947 951 4011 sertis
978 3957 1071 4031 atque
1097 3949 1201 4013 aeneis
1228 3948 1339 4012 linteas

315 4033 410 4100 dedit.
437 4057 500 4121 quo
522 4034 606 4103 facto
628 4039 834 4126 expeditiores
857 4039 970 4106 milites
992 4041 1140 4122 reddidit3
1166 4064 1240 4108 nam
1263 4061 1340 4128 pon-
