2732 4722
424 269 728 327 rnsmsroonss.
785 327 797 342 ‚
1053 261 1093 326 11

60 385 149 470 quod
162 407 286 450 summa
298 383 459 450 colebatur
472 384 669 462 caerimonia,
686 385 825 450 coniecit.
842 387 916 452 inde
928 409 992 452 non
1003 388 1092 474 prius

59 501 210 566 egressus
229 488 286 555 est,
305 500 402 562 quam
419 499 476 542 rex
493 500 566 542 eum
583 479 658 542 data
676 477 787 542 dextra
808 479 841 542 in
861 479 955 544 fidem
972 482 1093 567 recipe-

59 582 123 649 ret3
141 593 237 656 quam
253 572 418 657 praestitit.
445 593 519 635 nam
537 593 609 636 cum
627 569 668 636 ab
683 569 932 637 Atheniensibus
951 583 981 637 et
989 575 1092 640 Lace-
1110 595 1125 645 5

59 666 234 730 daemoniis
257 675 478 750 exposceretur
498 664 638 750 publice,
662 665 838 750 supplicem
860 687 925 729 non
942 667 1090 750 prodidit,

59 761 256 844 monuitque,
274 769 311 823 ut
328 759 503 824 consuleret
521 759 595 824 sibi:
620 759 748 824 difficile
766 759 851 824 enim
869 781 954 837 esse,
977 760 1010 822 in
1027 768 1093 824 tam

57 855 239 941 propinquo
254 854 324 918 loco
342 863 409 919 tuto
427 875 500 918 eum
513 855 640 919 versari.
667 853 773 938 itaque
786 853 934 939 Pydnam
953 876 1025 918 eum
1039 855 1093 918 de-

58 949 133 1012 duci
154 948 246 1012 iussit
268 957 300 1012 et
317 949 402 1032 quod
424 948 500 1013 satis
523 957 608 1013 esset
628 948 777 1034 praesidii
794 947 890 1012 dedit.
917 944 969 1012 hic
986 948 1020 1012 in
1037 971 1092 1012 na
1110 968 1125 1017 6

58 1063 132 1106 vem
150 1040 296 1106 omnibus
319 1042 445 1128 ignotus
468 1041 573 1107 nautis
596 1042 745 1106 escendit.
777 1063 949 1125 quaecum
972 1051 1092 1127 tempe·

59 1145 140 1200 state
157 1135 296 1200 maxima
308 1136 434 1200 Naxum
448 1136 595 1213 ferretur,
614 1136 670 1200 ubi
687 1145 755 1198 tum
763 1136 1006 1224 Atheniensium
1025 1145 1091 1200 erat
1139 1146 1148 1161 “

57 1229 223 1308 exercitus,
244 1229 343 1294 sensit
356 1229 596 1306 Themistocles,
616 1229 644 1293 si
662 1250 699 1293 eo
716 1230 919 1312 pervenisset,
940 1231 1001 1295 sibi
1018 1251 1090 1295 esse

56 1323 262 1409 pereundum.
298 1323 359 1388 hac
384 1324 572 1388 necessitate
599 1331 727 1387 coactus
754 1322 881 1387 domino
903 1324 1007 1399 navis,
1035 1324 1091 1404 qui

58 1419 108 1495 sit,
128 1419 239 1504 aperit,
257 1417 357 1482 multa
373 1419 536 1504 pollicens,
555 1417 583 1481 si
602 1438 637 1480 se
655 1425 881 1480 conservasset.
908 1416 1010 1480 atille
1028 1417 1091 1479 cla·
1110 1436 1124 1480 7

55 1513 176 1578 rissimi
192 1513 253 1577 viri
271 1523 382 1598 captus
400 1511 615 1577 misericordia
632 1511 715 1575 diem
728 1519 914 1593 noctemque
926 1509 1037 1594 procul
1050 1508 1091 1574 ab

55 1606 164 1671 insula
180 1606 214 1669 in
232 1606 299 1670 salo
320 1627 436 1670 navem
453 1605 552 1670 tenuit
573 1605 606 1668 in
624 1604 756 1681 ancoris,
768 1625 881 1688 ,neque
899 1623 1091 1687 quemquam

56 1722 102 1762 ex
128 1721 166 1762 ea
188 1700 274 1763 exire
295 1721 410 1784 passus
434 1710 491 1764 est.
526 1699 601 1764 inde
622 1697 788 1784 Ephesum
813 1699 957 1784 pervenit
982 1697 1089 1780 ibique

13 1787 15 1850 ἓ
57 1791 307 1856 Themistoclem
333 1793 473 1878 exponit3
501 1794 552 1859 cui
577 1793 630 1858 ille
652 1815 709 1878 pro
735 1793 854 1858 meritis
880 1801 992 1879 postea
1016 1813 1089 1877 gra-

53 1885 134 1948 tiam
151 1885 266 1949 retulit.

106 1977 173 2042 IX.·
199 1975 274 2044 Scio
287 1980 454 2065 plerosque
466 1981 511 2046 ita
525 1981 699 2068 scripsisse,
710 1981 966 2059 ,Themistoclem
974 1978 1086 2044 Xerxe
1106 1995 1120 2042 1

52 2081 205 2159 regnante
223 2074 257 2138 in
273 2073 388 2140 Asiam
405 2077 565 2142 transisse.
595 2077 652 2140 sed
668 2095 729 2160 ego
746 2077 946 2160 potissimum
959 2075 1088 2160 Thucy-

53 2167 122 2231 didi
140 2167 243 2245 credo,
262 2169 349 2251 quod
366 2177 468 2232 aetate
489 2169 652 2253 proximus
671 2169 711 2231 de
728 2168 778 2244 iis,
797 2168 852 2250 qui
868 2169 993 2231 illorum
1009 2176 1088 2231 tem-

50 2282 169 2347 porum
186 2261 351 2324 historiam
371 2261 577 2343 reliquerunt,
602 2269 633 2324 et
650 2259 792 2332 eiusdem
810 2259 945 2323 civitatis
963 2257 1033 2321 fuit.
1059 2259 1088 2320 is

13 2399 15 2434 ,
51 2361 164 2417 autem
182 2353 238 2430 ait,
263 2351 304 2416 ad
320 2351 531 2418 Artaxerxem
554 2375 627 2418 eum
644 2354 779 2431 venisse,
803 2361 897 2437 atque
914 2353 964 2418 his
982 2350 1087 2417 verbis

13 2449 15 2460 '
53 2446 222 2531 epistolam
240 2447 378 2511 misisse:
399 2447 649 2527 „Themistocles
667 2448 740 2512 veni
758 2447 799 2512 ad
817 2456 857 2525 te,
881 2447 935 2530 qui
951 2446 1088 2533 plurima
1105 2459 1120 2507 2

49 2540 137 2604 mala
159 2539 322 2605 hominum
332 2538 500 2606 Graiorum
517 2543 550 2606 in
563 2542 693 2607 domum
706 2551 794 2607 tuam
811 2541 912 2617 intuli,
933 2540 1088 2624 quamdiu

50 2634 130 2697 mihi
147 2656 278 2699 necesse
295 2624 366 2712 fuit,
384 2635 552 2702 adversum
565 2646 687 2722 patrem
705 2645 795 2700 tuum
807 2635 925 2699 bellare
938 2633 1087 2717 patriam-

50 2749 115 2811 que
137 2749 242 2792 meam
264 2728 440 2794 defendere.
467 2730 553 2793 idem
574 2730 674 2793 multo
695 2729 787 2813 plura
803 2727 888 2791 bona
905 2726 977 2802 feei,
1000 2733 1120 2809 post-3

50 2843 149 2903 quam
165 2822 200 2885 in
217 2830 285 2885 tuto
297 2822 375 2906 ipse,
395 2832 426 2885 et
438 2821 491 2886 ille
503 2823 537 2885 in
549 2821 688 2906 periculo
702 2843 772 2886 esse
786 2821 897 2904 coepit.
924 2841 999 2883 nam
1013 2839 1087 2884 cum

49 2915 87 2978 in
103 2913 218 2978 Asiam
227 2915 353 2982 reverti
374 2915 469 2978 vellet
490 2915 608 2998 proelio
631 2915 716 2998 apud
735 2913 897 2980 Salamina
914 2910 1013 2991 facto,
1036 2913 1086 2977 lit-
1138 2943 1141 2950 ·

49 3006 129 3068 teris
147 3027 221 3068 eum
239 3007 402 3070 certiorem
418 3007 490 3083 feci,
508 3007 542 3070 id
559 3008 620 3092 agi,
640 3017 674 3072 ut
691 3008 782 3092 pons,
801 3029 895 3090 quem
912 3007 946 3070 in
958 3005 1086 3070 Helles-

13 3091 15 3120 *
49 3105 151 3182 ponto
169 3096 300 3174 fecerat,
321 3098 545 3162 dissolveretur
567 3108 661 3180 atque
683 3099 723 3164 ab
741 3097 885 3161 hostibus
908 3097 1087 3161 circumire-

48 3201 116 3268 tur,
145 3211 208 3274 quo
235 3191 344 3256 nuntio
371 3191 423 3256 illc
445 3189 584 3275 periculo
607 3199 656 3254 est
677 3189 837 3255 liberatus.
873 3209 958 3252 nunc
980 3197 1120 3254 autema

49 3283 182 3370 confugi
204 3285 245 3349 ad
267 3295 298 3350 te
321 3287 497 3372 exagitatus
521 3293 671 3350 acuncta
690 3282 837 3362 Graecia,
866 3293 953 3349 tuam
974 3292 1085 3370 petens

49 3378 231 3442 amicitiam.
267 3401 362 3462 quam
386 3380 413 3444 si
435 3401 488 3444 ero
511 3380 652 3465 adeptus,
676 3401 739 3444 non
767 3379 871 3444 minus
894 3401 944 3443 me
966 3379 1085 3444 bonum

50 3471 187 3535 amicum
205 3471 346 3552 habebis,
366 3495 462 3558 quam
479 3473 593 3539 fortem
610 3474 772 3538 inimicum
789 3474 841 3538 ille
860 3483 1007 3559 expertus
1025 3484 1082 3538 est.

50 3585 89 3629 ea
107 3574 212 3629 autem
229 3587 317 3652 rogo,
336 3577 371 3631 ut
389 3569 428 3632 de
445 3569 484 3633 iis
502 3567 607 3645 rebus,
627 3590 705 3652 quas
724 3577 829 3632 tecum
847 3567 982 3652 colloqui
999 3568 1082 3644 volo,

50 3681 192 3722 annuum
217 3660 295 3723 mihi
321 3671 445 3746 tempus
472 3663 528 3727 des
555 3683 656 3746 eoque
678 3671 836 3729 transacto
859 3663 901 3727 ad
922 3672 953 3728 te
975 3662 1083 3726 venire

49 3752 210 3836 patiaris.“
1022 3769 1025 3777 '

101 3844 148 3909 X.
176 3844 284 3909 Huius
302 3867 358 3910 rex
376 3848 473 3912 animi
493 3849 743 3933 magnitudinem
761 3849 918 3914 admirans
938 3848 1082 3933 cupiens-
1100 3871 1117 3918 1¹

48 3957 114 4019 que
136 3938 230 4002 talem
251 3939 354 4004 virum
377 3940 438 4006 sibi
460 3942 619 4006 conciliari
640 3943 765 4026 veniam
787 3942 883 4005 dedit.
914 3941 967 4005 illc
989 3965 1080 4008 omne

47 4029 129 4096 illud
138 4039 260 4118 tempus
269 4033 379 4102 litteris
391 4035 590 4122 sermonique
598 4033 769 4102 Persarum
784 4055 818 4101 se
828 4034 955 4117 dedidit,
967 4036 1081 4123 quibus
