2758 4726
310 272 350 336 76
636 277 822 336 courum
838 249 1046 337 uueoms‘

592 521 729 586 XXIII.
764 517 1052 584 HANNIBAL.

277 699 290 744 1
361 675 388 740 I.
407 673 579 751 Hannibal,
589 673 779 737 Hamilcaris
788 672 882 749 filius,
892 671 1173 758 Carthaginiensis.
1189 674 1219 738 si
1229 695 1322 738 verun

310 778 368 846 est,
386 769 473 853 quod
488 788 581 832 nemo
599 766 731 844 dubitat,
748 775 784 830 ut
800 765 935 850 populus
949 766 1113 836 Romanus
1132 787 1323 852 omnesgeu-

310 872 358 928 tes
384 862 498 926 virtute
525 859 691 944 superarit,
718 881 783 923 non
808 868 857 923 est
882 857 1096 936 infitiandum,
1122 858 1323 924 Hannibalem

310 963 397 1020 tauto
422 951 616 1040 praestitisse
639 960 759 1016 ceteros
782 951 986 1036 imperatores
1012 953 1193 1036 prudentia,
1221 961 1324 1036 quanto

309 1046 445 1133 populus
463 1046 626 1111 Romanus
649 1045 814 1109 antecedat
835 1042 1017 1110 fortitudine
1035 1055 1163 1110 cunctas
1181 1047 1324 1110 nationes.

278 1161 292 1207 2
311 1164 384 1206 nam
402 1139 660 1222 quotiescumque
679 1159 751 1202 cum
763 1160 802 1203 eo
817 1159 1004 1224 congressus
1023 1149 1072 1203 est
1088 1140 1121 1202 in
1133 1139 1237 1218 Italia,
1258 1161 1326 1203 sen-

309 1256 365 1320 per
382 1233 529 1298 discessit
547 1233 697 1320 superior.
725 1234 811 1316 qucd
828 1233 889 1298 nisi
906 1233 992 1298 domi
1009 1234 1125 1298 civium
1144 1255 1273 1298 suorum
1289 1234 1327 1296 in·

310 1327 395 1391 vidia
409 1327 589 1393 debilitatus
605 1335 697 1404 esset,
712 1326 873 1392 Romanos
886 1327 1011 1392 videtur
1024 1349 1172 1412 superare
1183 1325 1328 1412 potuisse.

277 1441 292 1488 3
312 1420 369 1486 sed
386 1421 556 1487 multorum
574 1419 758 1485 obtrectatio
781 1421 895 1484 devicit
917 1421 1010 1484 nnius
1028 1421 1184 1484 virtutem.
1212 1419 1266 1483 hic
1283 1437 1329 1480 an·

311 1523 375 1578 tem
393 1515 479 1578 velut
496 1514 667 1578 hereditate
680 1513 823 1576 relictum
837 1513 948 1576 odium'
957 1512 1328 1598 paternumergaRoma

310 1630 369 1672 nos
388 1608 435 1672 sic
453 1606 659 1681 conservavit,
679 1613 714 1668 ut
730 1605 818 1689 prius
837 1607 974 1669 animam
988 1629 1084 1689 quam
1100 1607 1134 1670 id
1147 1604 1328 1691 deposuerit,

311 1699 525 1782 quiquidem,
549 1719 621 1761 cum
642 1697 745 1781 patria
764 1697 876 1780 pulsus
895 1708 980 1762 esset
997 1708 1029 1763 et
1050 1699 1224 1764 alienarum
1244 1717 1329 1783 opun

310 1792 472 1876 indigeret,
487 1811 658 1871 numquam
672 1789 825 1852 destiterit
838 1790 942 1853 animo
956 1791 1073 1854 bellare
1092 1814 1164 1855 cum
1172 1791 1329 1856 Romanis.

278 1905 290 1948 1
360 1883 404 1945 Π.
432 1883 514 1944 Nam
537 1891 571 1942 ut
588 1881 730 1942 omittam
747 1879 944 1962 Philippum,
964 1902 1060 1962 quem
1077 1881 1193 1944 absens
1211 1884 1332 1947 hosten

308 1972 444 2036 reddidit
465 1972 630 2048 Romanis,
654 1971 793 2034 omnium
814 1971 864 2034 his
887 1971 1080 2056 temporibus
1097 1973 1334 2054 potentissimus

308 2086 365 2128 rex
374 2061 552 2128 Antiochus
570 2063 640 2128 fuit.
658 2063 742 2127 hunc
754 2072 841 2128 tanta
855 2063 1023 2148 cupiditate
1036 2063 1174 2128 incendit
1185 2063 1333 2140 bellandi

309 2167 467 2242 utusque
490 2157 619 2222 arubro
642 2157 721 2222 mari
744 2180 831 2222 arma
852 2167 982 2220 conatus
1011 2157 1051 2220 sit
1077 2156 1192 2220 inferre
1213 2155 1331 2221 Italiae

277 2270 293 2316 2
311 2251 352 2318 ad
370 2273 464 2334 quem
482 2272 554 2314 curn
571 2250 667 2336 legati
681 2249 841 2314 venissent
849 2249 995 2325 Romani,
1014 2249 1070 2331 qui
1087 2249 1127 2312 de
1144 2247 1212 2312 eius
1227 2250 1330 2312 volun·

310 2354 374 2408 tate
396 2345 788 2427 explorarentdarentque
811 2365 939 2426 operam
961 2341 1100 2406 consiliis
1124 2341 1328 2414 clandestinis,

309 2445 345 2498 ut
361 2435 575 2500 Hannibalem
593 2437 625 2498 in
645 2436 855 2518 suspicionem
872 2436 941 2520 regi
958 2435 1158 2511 adducerent,
1177 2443 1328 2516 tamquam

311 2529 351 2594 ab
368 2529 445 2613 ipsis
465 2536 645 2612 corruptum
662 2529 724 2592 alia
741 2537 834 2610 atque
853 2537 945 2590 antea
963 2529 1087 2605 sentire,
1105 2549 1210 2610 neque
1228 2529 1263 2591 id
1274 2527 1329 2589 frn-

312 2631 376 2687 stra
392 2621 551 2698 fecissent,
570 2621 665 2704 idque
682 2620 846 2684 Hanniba-l
863 2621 1068 2705 comperisset
1087 2641 1184 2702 seque
1202 2621 1244 2684 ab
1263 2621 1327 2682 inte

310 2715 444 2780 rioribus
463 2714 600 2780 consiliis
619 2713 778 2798 segregari
795 2713 940 2778 vidisset:
959 2723 1099 2798 tempore
1117 2715 1191 2778 dato
1210 2708 1327 2777 adiitad

310 2831 428 2894 regem,
452 2808 543 2890 eique
561 2829 633 2870 oum
650 2807 750 2872 multa
766 2807 806 2871 de
827 2807 889 2872 fide
908 2829 966 2871 sua
984 2817 1015 2871 et
1032 2809 1104 2872 odio
1125 2807 1159 2870 in
1177 2806 1326 2870 Romanos

278 2918 292 2963 3
311 2908 597 2975 commemorasset,
616 2899 676 2966 hoc
686 2900 840 2964 adiunxit:
862 2899 977 2979 „Pater
985 2903 1106 2976 meus,“
1122 2900 1236 2981 inquit,
1252 2895 1327 2976 „Ha-

310 2993 419 3057 milcar
448 2992 580 3077 puerulo
606 3015 672 3071 me,
704 3003 812 3078 utpote
838 3015 901 3058 non
927 2993 1062 3078 amplius
1096 3015 1213 3058 novem
1240 3009 1325 3056 annos

311 3097 394 3165 nato,
413 3086 447 3151 in
461 3086 652 3172 Hispaniam
664 3087 834 3172 imperator
840 3086 1048 3172 proficiscens
1064 3085 1258 3171 Carthagine
1270 3079 1327 3146 Ioui
1343 3073 1344 3154 l

277 3200 294 3244 4
313 3183 431 3266 optimo
453 3181 591 3246 maximo
613 3180 731 3246 hostias
753 3181 936 3245 immolavit.
968 3201 1049 3262 quae
1066 3180 1173 3244 diviua
1192 3199 1242 3242 res
1263 3175 1344 3264 dunt

312 3273 546 3348 conficiebatur,
575 3273 731 3355 quaesivit
753 3297 773 3338 a
793 3295 858 3348 me,
881 3272 1036 3336 vellemne
1055 3295 1163 3337 secum
1183 3272 1215 3334 in
1231 3275 1344 3346 castrat

228 3389 233 3402 ’
310 3365 474 3451 proficisci.
501 3364 535 3426 id
553 3385 625 3428 cum
642 3366 774 3431 libenter
792 3363 984 3446 accepissem
1002 3373 1096 3447 atque
1115 3365 1155 3430 ab
1176 3385 1212 3428 so
1228 3367 1344 3446 petere}

311 3458 496 3541 coepissem,
514 3479 555 3523 ne
573 3458 729 3524 dubitaret
746 3458 875 3531 ducere,
898 3463 966 3516 tum
984 3455 1036 3520 ille
1054 3458 1208 3534 ,Faciam‚
1226 3451 1325 3538 inquit
1343 3485 1344 3488 ¹

203 3619 208 3624 .
312 3549 339 3612 si
356 3549 434 3613 mihi
450 3548 555 3629 fidem,
574 3573 668 3636 quam
685 3548 821 3636 postulo,
840 3547 986 3613 dederis!
1012 3551 1106 3616 simul
1122 3575 1174 3616 me
1192 3551 1235 3615 ad
1251 3567 1325 3614 arum
1343 3579 1344 3584 ¹

311 3642 450 3722 adduxit,
469 3645 554 3730 apud
572 3666 668 3727 quam
685 3640 859 3706 sacrificare
876 3641 1060 3722 instituerat,
1080 3667 1214 3728 eamque
1227 3639 1325 3709 ceteris
1343 3637 1344 3726 ]

309 3737 436 3802 remotis
459 3745 616 3802 tenentem
637 3736 739 3799 iurare
760 3733 865 3812 iussit,
888 3757 1060 3820 numquam
1082 3760 1134 3802 me
1151 3738 1185 3802 in
1202 3732 1325 3803 amicitia

276 3847 293 3894 s
311 3851 383 3894 cum
391 3827 544 3894 Romanis
562 3828 639 3892 fore.
665 3829 699 3892 id
713 3849 772 3914 ego
786 3827 1002 3894 iusiurandum
1019 3831 1100 3916 patri
1113 3832 1224 3896 datum
1237 3845 1325 3910 usquc

310 3923 352 3986 ad
373 3922 455 3987 hanc
476 3930 610 3988 aetatem
631 3921 676 3986 ita
698 3923 895 4002 conservavi,
922 3933 958 3988 ut
978 3924 1095 3990 nemini
1117 3925 1250 3992 dubium
1268 3937 1324 3986 esse

310 4013 436 4092 debeat,
464 4015 540 4098 quin
565 4014 842 4105 reliquo-tempore
860 4018 971 4084 eadem
991 4029 1095 4086 mente
1118 4021 1180 4085 sim
1200 4019 1322 4083 furnus·
