2732 4722
447 280 640 341 DATAMES.
1010 276 1053 342 47

34 417 118 474 tame
136 401 227 482 facit3
244 403 328 489 regis
346 400 522 487 provincias
540 405 643 475 vexat,
662 397 789 464 castella
801 414 967 490 expugnat,
986 429 1053 472 ma-

35 524 115 592 gnas
132 498 266 585 praedas
285 497 377 580 capit,
396 515 527 578 quarum
543 502 665 578 partem
683 493 749 557 suis
767 495 915 579 dispertit,
933 509 1052 583 partem

36 597 76 662 ad
89 594 249 658 Datamen
265 589 368 654 mittit.
394 589 462 674 pari
475 588 569 652 mcdc
587 587 754 672 complura
762 589 888 653 castella
905 592 937 654 ei·
951 595 1051 658 tradit.
1133 641 1140 646 -

34 691 112 754 haec
130 685 184 750 diu
203 682 348 748 faciendo
364 682 520 767 persuasit
536 679 664 756 homini,
684 703 718 745 se
736 680 890 746 infinitum
904 683 1051 750 adversus
1071 709 1088 755 a

35 803 141 867 regem
160 776 337 862 suscepisse
355 775 480 850 bellum,
500 795 571 838 cum
588 773 685 838 nihilo
702 773 813 860 magis,
832 799 873 840 ne
891 797 985 860 quam
1003 801 1056 843 su-

37 873 208 959 spicionem
220 869 265 934 illi
278 866 441 954 praeberet
452 867 649 943 insidiarum,
667 889 769 950 neque
784 869 974 953 colloquium
987 872 1056 936 eius

34 966 145 1053 petivit
168 985 270 1048 neque
294 963 328 1026 in
354 969 555 1046 conspectum
580 960 836 1042 venire-studuit.
873 964 918 1028 sic
940 964 1055 1029 absens

36 1059 203 1128 amicitiam
221 1056 359 1144 gerebat,
377 1064 413 1120 ut
429 1078 493 1120 non
509 1055 668 1120 beneficiis
682 1057 809 1134 mutuis,
829 1059 885 1123 sed
899 1061 1057 1124 communi

37 1154 119 1229 odio,
137 1153 220 1235 quod
237 1148 316 1237 erga
329 1171 437 1236 regem
455 1158 665 1234 susceperant,
685 1152 834 1216 contineri
850 1153 1038 1220 viderentur.

87 1245 150 1310 XI.
176 1246 216 1310 Id
233 1267 305 1310 cum
324 1245 399 1309 satis
419 1266 452 1308 se
471 1243 672 1309 confirmasse
690 1243 855 1310 arbitratus
870 1257 926 1324 est,
946 1250 1055 1314 certio·
1075 1268 1088 1314 1

36 1361 102 1404 rem
119 1338 194 1403 facit
205 1338 374 1414 Datamen,
397 1347 520 1422 tempus
540 1359 609 1402 esse
631 1338 765 1402 maiores
784 1341 936 1404 exercitus
955 1344 1057 1426 parari

36 1442 67 1496 et
85 1431 202 1496 bellum
220 1453 292 1496 cum
314 1431 383 1516 ipso
400 1453 474 1517 rege
493 1431 623 1515 suscipi,
643 1430 744 1514 deque
763 1454 800 1496 ea
817 1455 860 1509 re,
880 1433 907 1497 si
925 1434 954 1497 ei
971 1435 1057 1498 vide-

34 1535 134 1603 retur,
158 1547 220 1609 quo
238 1525 307 1589 loco
326 1524 432 1600 vellet,
454 1525 487 1588 in
505 1525 694 1607 colloquium
716 1527 844 1590 veniret.
874 1526 1006 1611 probata
1022 1551 1056 1592 re

34 1621 234 1703 colloquendi
256 1628 379 1702 tempus
403 1618 534 1682 sumitur
554 1619 717 1702 locusque,
745 1641 808 1702 quc
831 1621 1056 1686 conveniretur.

30 1715 100 1778 huc
108 1713 307 1776 Mithridates
326 1733 398 1774 cum
415 1733 486 1787 uno,
506 1711 556 1774 cui
568 1714 702 1776 maxime
715 1713 851 1778 habebat
863 1715 971 1792 fidem,
985 1725 1056 1780 ante
1074 1733 1089 1779 2

32 1807 157 1888 aliquot
174 1805 241 1869 dies
260 1803 344 1869 venit
366 1803 639 1888 compluribusque
655 1806 732 1871 locis
751 1808 918 1892 separatim
935 1809 1056 1894 gladios

2 1914 5 1972 ζ
33 1899 141 1964 obruit
163 1919 262 1981 eaque
287 1897 357 1982 loca
379 1898 543 1983 diligenter
563 1907 659 1962 notat
694 1900 763 1984 ipso
786 1910 890 1965 autem
913 1901 1058 1986 colloquii

34 1993 85 2056 die
103 1991 236 2074 utrique,
254 1991 359 2056 locum
376 1991 432 2074 qui
450 1992 646 2077 explorarent
667 2003 761 2077 atque
778 1995 864 2078 ipsos
883 2003 1057 2061 scrutaren-

1 2121 11 2157 ῃ
33 2096 93 2163 tur,
113 2086 253 2161 mittunt3
272 2085 385 2148 deinde
397 2085 460 2167 ipsi
473 2095 546 2149 sunt
559 2087 728 2169 congressi.
756 2086 808 2147 hic
822 2107 893 2147 cum
907 2089 1057 2170 aliquam·
1074 2107 1090 2153 3

33 2179 89 2242 diu
106 2179 140 2242 in
162 2177 316 2258 colloquio
334 2177 470 2238 fuissent
486 2186 517 2238 et
539 2177 662 2238 diverse
680 2175 911 2250 discessissent,
933 2178 1058 2259 iamque

1 2307 6 2328 a
29 2270 146 2356 procul
163 2269 318 2332 Datames
337 2266 477 2343 abesset,
494 2266 705 2342 Mithridates,
723 2265 906 2351 priusquam
923 2268 964 2330 ad
985 2289 1060 2331 suos

1 2399 3 2419 t
27 2361 222 2448 perveniret,
241 2381 389 2442 nequam
403 2360 611 2444 suspicionem
623 2369 754 2444 pareret,
769 2359 943 2424 ineundam
955 2360 1063 2426 locum'

1 2493 2 2516 ;
26 2455 203 2521 revertitur
219 2463 311 2536 atque
328 2453 382 2529 ibi,
402 2453 456 2517 ubi
473 2453 569 2518 telum
588 2463 653 2518 erat
670 2454 859 2540 impositum,
877 2455 1006 2532 resedit,
1024 2463 1060 2518 ut

31 2551 61 2614 si
79 2547 265 2611 lassitudine
284 2556 410 2631 cuperet
428 2549 634 2630 acquiescere,
652 2547 873 2631 Datamenque
890 2550 1058 2626 revocavit,

33 2639 189 2707 simulans
212 2661 247 2704 se
269 2641 417 2723 quiddam
438 2641 472 2704 in
494 2641 648 2724 colloquio
669 2663 740 2706 esse
762 2641 902 2706 oblitum.
935 2641 1096 2706 interime

32 2735 147 2810 telum,
175 2733 260 2816 quod
284 2733 414 2810 latebat,
440 2735 568 2818 protulit
597 2735 810 2818 nudatumque
836 2736 951 2820 vagina
971 2725 1059 2800 veste

32 2828 113 2892 texit
132 2849 169 2892 ac
185 2826 316 2890 Datami
333 2827 470 2890 venienti
487 2829 544 2904 ait,
568 2829 794 2913 digredientem
812 2850 846 2892 se
864 2829 1059 2894 animadver-

34 2922 113 2984 tisse
135 2921 241 2986 locum
262 2921 433 3004 quendam,
460 2921 515 3004 qui
541 2931 608 2985 erat
628 2922 662 2985 in
679 2931 862 3008 conspectU,
890 2924 931 2988 ad
957 2933 1059 2988 castra

33 3013 182 3096 ponenda
199 3035 269 3078 esse
286 3014 444 3078 idoneum.
471 3035 565 3096 quem
583 3036 655 3078 cum
673 3015 771 3099 digito
785 3017 1011 3080 demonstraret
1028 3025 1060 3080 et
1077 3029 1096 3076 5

33 3104 94 3168 illc
119 3107 291 3190 respiceret,
319 3129 465 3171 aversum
490 3107 573 3172 ferro
599 3107 753 3171 transfixit
778 3107 938 3191 priusque,
964 3129 1060 3189 quam

34 3197 205 3280 quisquam
229 3209 338 3285 posset
361 3219 554 3276 succurrere,
581 3199 744 3263 interfecit.
779 3199 823 3262 ita
847 3198 900 3262 ille
921 3198 978 3276 vir,
1006 3199 1061 3282 qui

34 3290 153 3356 multos
175 3294 317 3372 consilio,
340 3293 497 3360 neminem
518 3292 650 3378 perfidia
676 3300 815 3378 ceperat,
839 3291 984 3357 simulata
1009 3313 1061 3356 ca-

33 3393 110 3470 ptus
129 3395 178 3452 est
195 3389 339 3456 amicitia.

294 3592 372 3659 XV.
407 3591 803 3660 EPAMINONDAS.

87 3763 115 3830 I.
146 3763 399 3850 Epaminondas,
421 3761 569 3846 Polymni
593 3763 691 3838 filius,
718 3761 899 3828 Thebanus.
935 3760 975 3822 de
1000 3757 1094 3821 hoel

33 3859 223 3944 priusquam
242 3858 424 3935 scribamus,
447 3857 525 3922 haec
542 3855 761 3940 praecipienda
778 3855 923 3919 videntur
939 3851 1062 3914 lectori·
1133 3899 1136 3907 .

32 3952 114 4029 bus,
140 3975 181 4017 ne
203 3953 321 4018 abacos
346 3973 449 4016 mores
468 3950 508 4014 ad
526 3971 601 4014 suos
622 3947 772 4023 referant,
798 3942 880 4010 ne've
902 3966 953 4021 ea,
981 3965 1061 4028 quae

32 4047 116 4132 ipsis
134 4046 254 4112 leviora
270 4054 351 4124 sunt,
369 4046 437 4131 pari
454 4043 548 4110 modo
562 4042 647 4128 apud
660 4049 779 4107 ceteros
792 4039 893 4105 fuisse
911 4037 1061 4104 arbitren-
