2732 4722
317 257 361 322 50
652 261 837 320 CORNELII
848 257 1011 318 NEPOTIS

318 385 379 450 hoc
393 382 470 449 satis
484 379 707 446 testimonium.
722 377 868 464 'plurima
881 376 1009 460 quidem
1021 375 1160 463 proferre
1169 398 1340 464 possemus,

319 479 377 544 sed
401 476 514 542 modus
536 472 733 540 adhibendus
755 479 817 549 est,
844 472 993 555 quoniam
1014 493 1077 536 uno
1102 471 1165 537 hoc
1187 471 1341 537 volumine

317 573 420 638 vitam
438 568 655 636 excellentium
677 567 815 630 auorum
836 566 1045 650 complurium
1063 564 1249 632 concludere
1273 586 1343 631 con-

319 664 487 740 stituimus,
506 683 638 746 quorum
657 657 825 744 separatim
837 658 944 724 multis
958 659 1084 725 milibus
1098 682 1248 726 versuum
1263 680 1344 727 com-

317 759 425 844 plures
445 756 610 840 scriptores
629 762 700 819 ante
718 774 775 816 nos
794 751 999 836 explicarunt.

286 872 300 918 1
361 849 403 916 V.
430 850 505 914 Fuit
522 849 616 914 etiam
634 847 780 923 disertus,
798 855 834 910 ut
851 868 944 909 nemo
962 846 992 909 ei
1002 845 1173 911 Thebanus
1190 868 1250 931 par
1264 859 1342 914 esset

319 945 508 1028 eloquentie,
534 962 637 1025 neque
659 939 763 1026 minus
786 939 958 1004 concinnus
979 939 1012 1003 in
1038 939 1190 1005 brevitate
1215 963 1342 1026 respon-

284 1050 300 1096 a
319 1038 414 1104 dandi
440 1059 535 1121 quam
556 1035 589 1100 in
610 1042 763 1119 perpetua
784 1033 923 1097 oratione
946 1042 1083 1098 ornatus.
1115 1033 1226 1100 habuit
1242 1035 1342 1100 obtre-

319 1140 468 1196 ctatorem
477 1127 689 1193 Meneclidem
701 1126 860 1210 quendam
872 1125 1011 1191 indidem
1020 1125 1140 1192 Thebis
1154 1136 1186 1192 et
1198 1127 1342 1194 adversa

316 1224 400 1288 rium
425 1223 459 1288 in
480 1221 727 1288 administranda
751 1242 785 1286 re
811 1219 951 1305 publica,
980 1220 1055 1286 satis
1082 1220 1288 1286 exercitatum
1313 1223 1343 1284 in

319 1317 461 1395 dicendo,
475 1326 511 1382 ut
520 1315 709 1382 Thebanum
723 1313 855 1379 scilicet:
873 1335 1010 1398 namque
1023 1313 1069 1378 illi
1078 1314 1165 1400 genti
1177 1314 1251 1400 plus
1263 1315 1344 1378 inest

285 1424 300 1472 3
318 1411 433 1478 virium
450 1433 545 1495 qnam
562 1409 690 1497 ingenii.
717 1409 760 1487 is,
778 1408 864 1492 quod
880 1409 914 1474 in
934 1430 968 1474 re
990 1408 1115 1474 militari
1132 1408 1241 1474 florere
1259 1408 1344 1494 Epa·

318 1506 501 1571 minondam
522 1504 662 1582 videbat,
690 1503 806 1569 hortari
829 1502 951 1569 solebat
968 1502 1151 1581 Thebanos,
1178 1513 1215 1568 ut
1234 1525 1344 1590 pacem

318 1599 402 1665 bello
421 1597 619 1673 anteferrent,
637 1619 677 1659 ne
690 1597 774 1662 illius
788 1597 983 1682 imperatoris
998 1619 1093 1683 opera
1106 1598 1344 1664 desideraretur.

318 1691 392 1755 huio
402 1691 464 1768 ille,
476 1689 625 1770 „Fallis‚“
636 1689 747 1772 inquit,
760 1690 877 1767 „verbo
886 1692 972 1756 cives
982 1701 1062 1769 tuos,
1072 1691 1158 1774 qnod
1166 1691 1225 1758 hos
1235 1714 1255 1756 a
1264 1691 1345 1756 bello

283 1796 300 1842 4
317 1806 447 1850 revocas
453 1809 462 1860 3
481 1783 536 1848 otii
558 1782 641 1844 enim
658 1781 785 1844 nomine
807 1783 989 1846 servitutem
1011 1785 1169 1849 concilias.
1197 1807 1273 1848 nam
1291 1808 1346 1869 pa-

270 1939 275 1946 ,
316 1879 395 1941 ritur
416 1899 480 1958 pax
501 1873 593 1938 bello.
620 1874 725 1956 itaque
747 1873 802 1956 qui
824 1895 862 1938 ea
883 1873 1004 1938 diutina
1024 1875 1135 1938 volunt
1156 1877 1232 1952 frui,
1261 1878 1347 1942 bello

317 1967 477 2032 exercitati
495 1986 565 2030 esse
584 1965 707 2030 debent.
739 1987 836 2048 quare
854 1965 882 2028 si
898 1965 1055 2049 principes
1074 1963 1228 2030 Graeciae
1246 1971 1349 2034 vultis

246 2059 249 2068 “
282 2071 298 2118 5
316 2081 397 2138 esse,
416 2059 527 2126 castris
545 2068 594 2124 est
606 2058 697 2124 vobis
714 2059 875 2136 utendum,
893 2079 958 2124 non
974 2057 1160 2144 palaestra.“
1187 2059 1274 2122 idem
1292 2062 1351 2126 illc

315 2152 511 2220 Meneclides
534 2175 607 2218 cum
622 2153 697 2217 huic
714 2152 875 2229 obiiceret,
897 2152 983 2236 quod
998 2151 1114 2218 liberos
1131 2174 1196 2217 non
1211 2152 1350 2218 haberet

315 2270 419 2333 neque
433 2269 565 2314 uxorem
578 2246 730 2323 duxisset,
744 2247 943 2328 maximeque
956 2245 1164 2323 insolentiam,
1183 2247 1269 2329 quod
1284 2248 1347 2312 sibi
1362 2287 1363 2341 p

316 2336 568 2426 Agamemnonis
594 2340 670 2406 belli
686 2339 820 2426 gloriam
841 2339 999 2404 videretur
1021 2347 1220 2414 consecutus,
1245 2335 1344 2418 „At,“

315 2433 378 2510 ille,
390 2434 549 2512 „desine,“
560 2433 671 2515 inquit,
683 2432 891 2514 „Meneclida
897 2434 936 2497 de
946 2455 1043 2498 uxore
1052 2432 1130 2498 mihi
1139 2431 1330 2517 exprobrare
1334 2459 1342 2509 ;

315 2548 390 2590 nam
398 2525 515 2590 nullius
524 2525 558 2588 in
565 2525 627 2588 ista
634 2547 669 2588 re
678 2526 781 2590 minus
791 2527 838 2591 uti
847 2526 976 2592 consilio
986 2527 1092 2591 volo:“
1111 2525 1340 2592 habebatenim

284 2629 299 2678 6
315 2617 512 2690 Meneclides
530 2617 741 2703 suspicionem
756 2618 913 2682 adulterii:
937 2620 1047 2702 „quod
1064 2628 1171 2684 autem
1189 2641 1240 2685 me
1254 2618 1341 2705 Aga-
1361 2655 1362 2664 ι

316 2733 515 2778 memnonem
528 2711 679 2777 aemulari
694 2720 798 2797 putas,
816 2711 933 2776 falleris
941 2735 949 2787 3
970 2734 1107 2797 namque
1120 2713 1173 2780 ille
1186 2735 1260 2778 oum
1273 2715 1339 2778 uni-
1361 2699 1362 2720 l

315 2828 408 2870 versa
431 2804 565 2870 Graecia
586 2805 642 2870 vix
662 2806 772 2870 decem
794 2805 883 2872 annis
906 2829 1002 2871 unam
1024 2807 1107 2891 cepit
1128 2805 1254 2884 urbem3
1282 2829 1338 2892 ego

315 2907 424 2964 contra
448 2919 486 2963 ea
506 2921 570 2962 nna
591 2897 669 2964 urbe
695 2908 803 2966 nostra
824 2899 937 2982 dieque
962 2922 1027 2964 uno
1053 2908 1151 2964 totam
1174 2897 1336 2965 Graeciam

314 2990 578 3056 Lacedaemoniis
596 2991 713 3079 sugatis
730 2991 890 3058 liberavi.“

211 3153 214 3162 Δ
281 3105 295 3152 1
366 3084 426 3150 VI.
453 3085 544 3152 Idem
558 3108 630 3152 cum
643 3087 676 3151 in
690 3095 879 3152 conventum
892 3085 1031 3153 venisset
1039 3084 1203 3152 Arcadum
1219 3097 1334 3172 petens,

314 3189 350 3244 ut
368 3180 549 3248 societatem
571 3203 644 3247 cum
661 3180 823 3247 Thebanis
846 3190 878 3247 et
893 3179 1025 3266 Argivis
1043 3180 1195 3258 facerent,
1219 3191 1335 3246 contra-

314 3295 377 3358 que
404 3273 617 3352 Callistratus,
643 3273 888 3340 Atheniensium
912 3275 1051 3358 legatns,
1078 3275 1134 3358 qui
1163 3274 1335 3359 eloquentia

314 3388 423 3432 omnes
438 3388 475 3431 eo
490 3366 672 3451 praestabat
689 3375 839 3451 tempore,
856 3365 1038 3452 postularet,
1056 3377 1092 3432 ut
1108 3369 1214 3454 potius
1232 3366 1335 3434 amici·
1359 3379 1360 3442 l

314 3459 390 3520 tiam
408 3468 613 3540 sequerentur
629 3458 823 3537 Atticorum,
847 3468 878 3523 et
895 3459 928 3522 in
945 3461 1084 3528 oratione
1102 3485 1161 3528 sua
1177 3461 1278 3527 multa
1293 3461 1334 3526 in-
1359 3451 1360 3499 l

313 3557 422 3613 vectus
445 3560 530 3615 esset
549 3551 771 3618 inThebanos
794 3560 826 3616 et
842 3550 997 3640 Argivos,
1019 3554 1054 3619 in
1075 3555 1184 3640 eisque
1205 3555 1269 3622 hoo
1284 3575 1333 3642 po

279 3659 295 3708 ι
315 3640 440 3721 suisset,
455 3644 594 3709 animum
607 3646 770 3712 advertere
783 3645 897 3712 debere
909 3644 1064 3728 Arcadas,
1083 3650 1193 3734 quales
1206 3659 1332 3734 ubsque
1358 3697 1359 3700 ι

313 3736 423 3803 civitas
442 3738 527 3804 cives
544 3748 749 3825 procreasset,
769 3762 809 3804 ex
826 3739 942 3825 quibus
956 3741 996 3808 de
1014 3744 1126 3810 ceteris
1143 3753 1277 3830 possent
1292 3743 1333 3807 iu·

313 3830 430 3896 dicare:
465 3831 606 3920 Argivos
637 3833 721 3898 enim
751 3832 851 3900 fuisse
880 3833 1028 3902 Orestem
1053 3847 1085 3903 et
1109 3836 1332 3904 Alcmaeonem

311 3925 505 4005 matricidas3
524 3927 645 3992 Thebis
656 3925 817 4014 Oedipum
829 3938 948 4008 natum,
963 3931 1018 4014 qui
1028 3953 1100 3996 cum
1108 3939 1232 4018 patrem
1246 3951 1330 3996 suum

277 4037 293 4086 8
311 4017 528 4099 interfecisset,
547 4043 588 4086 ex
604 4030 703 4088 matre
720 4021 835 4090 liberos
853 4045 1034 4110 procreasse
1039 4049 1048 4104 3
1066 4025 1140 4090 huic
1157 4027 1190 4092 in
1207 4046 1332 4114 respon·
