2758 4726
433 263 684 362 suasurum

124 785 378 856 CORNELII
398 784 624 854 NEPOTIS
645 787 985 857 FRAGMENTA.
1064 883 1066 892 Ι

205 959 256 1005 EX
274 954 457 1006 EPISTOLA
477 958 728 1008 GRAGOHORUM
745 962 891 1010 MATRIS.

92 1129 121 1193 I.
148 1127 248 1193 Dices
261 1127 427 1212 pulchrum
441 1149 511 1192 esse
529 1128 672 1196 inimicos
686 1131 804 1196 ulcisci.
831 1132 865 1196 id
881 1153 984 1216 neque
997 1155 1065 1197 ma-
1101 1153 1116 1200 1

27 1225 89 1290 ¹ius
108 1243 211 1305 neque
228 1221 554 1306 pulchrius-cuiquam
572 1231 664 1307 atque
682 1213 759 1286 mibi
772 1245 842 1289 esse
855 1226 987 1303 videtur,
1007 1226 1066 1292 sed

38 1317 65 1381 si
82 1315 177 1380 liceat
189 1337 223 1379 re
235 1313 362 1400 publica
376 1314 463 1380 salva
476 1337 513 1381 ea
530 1316 686 1400 persequi.
714 1317 771 1380 sed
784 1326 938 1400 quatenus
951 1319 984 1382 id
996 1319 1067 1383 fieri

37 1433 101 1474 non
120 1417 233 1494 potest,
252 1409 350 1473 multo
368 1418 507 1494 tempore
525 1410 694 1494 multisque
710 1411 852 1496 partibus
874 1413 992 1476 inimici
1008 1436 1067 1477 no-
1170 1417 1176 1426 “

37 1504 93 1568 stri
112 1526 176 1568 non
188 1501 334 1588 peribunt
347 1511 451 1589 atque,
470 1505 517 1568 uti
533 1526 617 1569 nunc
630 1514 713 1582 sunt,
733 1514 824 1570 errant
835 1506 949 1592 potius,
968 1528 1065 1590 quam

34 1621 87 1662 res
108 1596 233 1682 publica
249 1597 433 1683 profligetur
450 1607 543 1682 atque
560 1608 677 1683 pereat.

426 1767 526 1822 Eodem
539 1770 592 1822 alio
607 1771 674 1822 loco.

86 1878 204 1945 Verbis
222 1882 380 1968 conceptis
398 1882 537 1948 deierare
559 1883 673 1960 ausim,
696 1892 916 1968 praeterquam
935 1883 989 1968 qui
1008 1883 1063 1947 Ti-

34 1972 159 2038 berium
182 1971 361 2040 Gracchum
382 1985 546 2053 necarunt,
572 1977 731 2040 neminem
751 1977 912 2040 inimicum
939 1986 1062 2042 tantum

33 2067 199 2132 molestiae
217 2077 400 2151 tantumque
421 2069 538 2132 laboris
557 2077 762 2148 quantum-te
780 2069 821 2131 ob
839 2070 896 2130 has
914 2092 965 2132 res
983 2071 1062 2132 mihi

34 2161 218 2237 tradidisse3
237 2182 333 2242 quem
350 2159 514 2242 oportebat
531 2158 672 2220 omnium
690 2177 812 2232 eorum,
831 2179 910 2238 quos
929 2161 1062 2223 antehae

31 2252 135 2317 habui
147 2251 273 2326 liberos,
291 2258 396 2334 partes
410 2270 520 2313 eorum
533 2248 664 2312 tolerare
677 2256 770 2330 atque
784 2269 901 2323 curare,
919 2257 1064 2331 utquam

30 2345 204 2409 minimum
223 2343 438 2408 sollicitudinis
456 2343 489 2406 in
507 2349 633 2407 senecta
650 2341 807 2418 haberem,
826 2341 943 2424 utique,
967 2363 1064 2425 quae-

31 2457 174 2519 cumque
192 2458 312 2522 ageres,
332 2457 369 2502 ea
386 2436 482 2501 velles
501 2436 637 2500 maxime
654 2435 731 2500 mihi
747 2435 885 2520 placere,
905 2443 998 2519 atque
1018 2435 1062 2500 uti

28 2528 127 2593 nefas
145 2529 278 2593 haberes
290 2551 395 2594 rerum
407 2530 560 2594 maiorum
574 2529 742 2593 adversum
755 2551 858 2594 meam
876 2529 1062 2594 sententiam

32 2621 209 2704 quidquam
230 2623 348 2701 facere,
370 2623 555 2708 praesertim
576 2623 667 2700 mihi,
694 2623 746 2686 oui
767 2645 865 2706 parva
885 2644 958 2706 pars
976 2622 1061 2686 vitae

33 2725 188 2799 superest.
215 2738 254 2780 ne
271 2716 304 2780 id
316 2717 444 2800 quidem
457 2726 521 2782 tam
529 2715 625 2781 breve
639 2716 774 2800 spatium
786 2722 891 2798 potest
904 2713 1059 2798 opitulari,

34 2809 110 2891 quin
125 2807 246 2872 etmihi
264 2810 429 2875 adversere
443 2819 474 2874 et
490 2832 557 2874 rem
569 2808 727 2894 publicam
740 2807 908 2893 prodigos?
925 2807 1060 2889 denique

36 2921 115 2983 quac
133 2924 234 2987 pausa
252 2903 328 2967 erit?
345 2905 507 2987 ecquando
521 2903 643 2968 desinet
654 2901 773 2966 familia
785 2909 892 2966 nostra
904 2901 1062 2964 insanire?
1183 2969 1187 2978 ,

34 2996 199 3077 ecquando
220 2996 333 3061 modus
356 2998 385 3061 ei
402 2998 447 3076 rei
468 2996 577 3063 haberi
597 2995 730 3081 poterit?
751 2995 914 3079 ecquando
936 2995 1061 3059 desine-

37 3109 105 3151 mus
116 3097 148 3152 et
155 3087 307 3155 habentes
317 3099 348 3154 et
355 3089 541 3176 praebentes
551 3089 702 3155 molestiis
713 3088 883 3153 desistere?
896 3088 1059 3170 ecquando

36 3181 243 3265 perpudescet
264 3184 425 3248 miscenda
446 3193 540 3267 atque
556 3182 768 3269 perturbanda
783 3205 818 3246 re
835 3180 979 3267 publica?
1002 3182 1058 3246 sed

37 3272 63 3334 si
79 3274 208 3339 omnino
225 3275 259 3339 id
276 3276 343 3340 fieri
360 3300 424 3341 non
440 3286 558 3362 potest,
581 3276 636 3341 ubi
654 3297 714 3362 ego
731 3284 854 3341 mortua
872 3296 938 3352 ero,
961 3276 1059 3360 petito
1081 3325 1089 3337 ,

35 3366 226 3432 tribunatum
232 3393 241 3446 ;
264 3392 321 3454 per
342 3393 393 3435 me
410 3370 505 3436 facito
510 3419 520 3449 ,
543 3371 629 3455 quod
645 3369 778 3448 lubebit,
802 3391 900 3452 quum
918 3389 978 3452 ego
995 3389 1060 3431 non

37 3459 177 3525 sentiam.
195 3463 250 3528 ubi
263 3471 385 3529 mortua
394 3486 457 3542 ero,
470 3464 649 3550 parentabis
663 3465 740 3528 mihi
749 3473 780 3528 et
792 3459 954 3526 invocabis
965 3461 1060 3524 deum

36 3562 204 3633 parentem.
230 3557 264 3620 in
276 3579 313 3622 eo
327 3566 465 3644 tempore
482 3579 547 3622 non
558 3559 656 3644 pudet
670 3567 700 3622 te
714 3579 822 3621 eorum
836 3555 930 3620 deum
947 3575 1057 3640 preces

38 3655 194 3730 expetere,
219 3671 298 3732 quos
316 3650 405 3716 vivos
429 3661 522 3734 atque
539 3661 721 3736 praesentes
743 3650 868 3714 relictos
892 3658 985 3732 atque
1003 3648 1058 3710 de-

37 3749 134 3804 sertos
152 3740 310 3809 habueris.
336 3765 376 3808 nc
389 3745 442 3809 ille
457 3745 524 3808 sirit
536 3743 678 3826 Iuppiter
691 3753 722 3805 te
736 3765 773 3804 ea
786 3761 986 3826 perseverare
998 3758 1058 3800 nec

37 3829 90 3894 tibi
107 3842 226 3901 tantam
240 3837 429 3902 dementiam
441 3836 548 3899 venire
560 3835 594 3896 in
607 3835 755 3895 animum.
779 3843 810 3895 et
823 3834 850 3895 si
863 3851 1057 3914 perseveras,

37 3945 150 4006 vercor,
169 3951 209 3995 ne
225 3931 260 3995 in
277 3953 402 3996 omnem
415 3930 512 3992 vitam
529 3935 651 3990 tantum
667 3923 784 3988 laboris
798 3923 891 4006 culpa
908 3931 963 3986 tua
978 3920 1058 3986 reci-

36 4016 110 4098 pias,
130 4023 176 4086 uti
193 4024 226 4087 in
243 4026 329 4090 nullo
347 4034 487 4109 tempore
504 4029 570 4084 tute
588 4017 646 4084 tibi
662 4017 787 4103 placere
804 4015 917 4102 possis.

85 4119 287 4206 Corneliasll'eppe.
828 4115 844 4170 7
