2732 4722
464 217 701 324 'Pausanias
1063 256 1104 321 15

72 391 221 474 possent3
249 381 367 448 aditum
393 381 571 468 petentibus
594 380 803 445 conveniundi
827 403 892 446 non
914 381 1023 461 dabat3
1050 403 1139 451 su-s·

73 478 174 569 perbe
192 476 414 562 respondebat,
441 475 606 541 crudeliter
621 473 805 560 imperabat.
839 473 986 559 Spartam
1002 477 1104 542 redire

74 571 211 637 nolebat.
242 569 388 646 Celonas,
408 570 462 653 qui
478 569 566 634 loeus
584 569 618 632 in
635 590 711 653 agro
726 567 849 632 Troade
868 579 925 645 est,
945 591 979 632 se
997 580 1105 636 contu-

76 665 190 729 tulerat
195 688 204 741 3
222 663 267 728 ibi
285 663 415 728 consilia
432 685 504 726 eum
522 662 641 746 patriae
654 671 721 724 tum
735 661 795 726 sibi
812 661 938 726 inimica
952 663 1104 746 capiebat.

75 761 110 824 id
127 767 295 844 postquam
312 757 558 822 Lacedaemonii
575 757 762 834 rescierunt,
785 756 907 842 legatos
926 779 999 820 cum
1017 757 1106 822 clava
1123 778 1142 824 4

76 854 119 918 ad
136 875 209 916 eum
226 853 386 928 miserunt,
404 852 438 916 in
455 873 518 935 qua
534 872 621 914 more
638 849 764 915 illorum
778 859 844 914 erat
862 849 1026 934 scriptum:
1044 851 1107 914 nisi

76 948 206 1012 domum
223 954 439 1022 reverteretur,
459 967 493 1010 se
507 944 617 1029 capitis
636 965 709 1008 eum
722 943 934 1007 damnaturos.
954 943 1014 1008 hoc
1026 967 1106 1008 nun-
1124 961 1140 1009 5

76 1041 122 1104 tio
141 1048 329 1116 commotus,
352 1060 483 1124 sperans
507 1061 540 1102 se
563 1038 657 1102 etiam
679 1046 744 1100 tum
762 1037 897 1121 pecunia
914 1046 946 1102 et
967 1039 1107 1123 potentia

79 1133 200 1198 instans
218 1132 391 1218 periculum
413 1153 508 1216 posse
526 1130 695 1216 depellere,
719 1129 846 1194 domum
863 1131 964 1199 rediit.
990 1131 1054 1196 huc
1070 1139 1106 1196 ut

77 1227 177 1303 venit,
205 1226 246 1290 ab
274 1226 398 1310 ephoris
420 1226 454 1288 in
479 1225 583 1288 vincla
604 1221 731 1307 publica
756 1231 804 1286 est
830 1224 1002 1290 coniectus:
1033 1225 1107 1290 licet

78 1319 163 1384 enim
184 1319 308 1404 legibus
331 1341 439 1384 eorum
458 1317 557 1382 cuivis
580 1315 697 1401 ephoro
718 1314 779 1380 hoc
800 1313 903 1380 facere
920 1319 998 1402 regi.
1032 1319 1106 1382 hinc

77 1421 241 1478 tamense
264 1412 436 1497 expedivit3
462 1432 565 1493 neque
588 1431 625 1474 eo
647 1407 748 1493 magis
771 1405 898 1472 carebat
920 1409 1106 1492 suspicione.

75 1529 153 1570 narn
175 1505 281 1590 opinio
304 1504 464 1580 manebat,
493 1525 565 1568 eum
587 1525 659 1566 oum
684 1523 759 1587 rege
781 1499 897 1566 habere
916 1501 1106 1566 societatem.

78 1609 128 1664 est
146 1621 246 1684 genus
264 1599 424 1682 quoddam
436 1597 609 1674 hominum,
627 1597 712 1680 quod
725 1594 859 1660 εἱλώται
872 1604 1010 1672 vocatur,
1030 1617 1107 1679 quo·
1126 1615 1141 1661 6

78 1715 152 1756 rum
174 1715 290 1776 magna
312 1691 477 1756 multitudo
500 1713 592 1776 agros
610 1689 934 1757 Lacedaemoniorum
953 1689 1026 1754 colit
1043 1712 1108 1754 ser:

10 1809 12 1814 ·
77 1805 254 1866 verumque
280 1806 408 1848 munere
434 1785 583 1870 fungitur.
620 1783 678 1847 hos
706 1805 831 1866 quoque
859 1783 1024 1848 sollicitare
1050 1806 1107 1868 spe

76 1877 229 1940 libertatis
257 1878 500 1942 existimabatur.
536 1878 593 1942 sed
614 1871 711 1960 quod*¹
721 1878 833 1942 harum
854 1899 959 1942 rerum
984 1876 1140 1940 nullumr

77 1980 144 2035 erat
162 1979 304 2056 apertum
321 1972 447 2049 crimen,
467 1993 529 2055 quo
548 1972 638 2057 argui
655 1979 776 2056 posset,
800 1970 1043 2056 amputabant,
1067 1971 1107 2036 de

14 2103 16 2110 ,
77 2065 132 2128 tali
154 2074 280 2148 tamque
303 2066 388 2130 claro
414 2066 481 2130 viro
503 2065 735 2150 suspicionibus
758 2074 900 2148 oportere
920 2065 1053 2130 iudicari
1075 2073 1107 2129 et

77 2159 334 2242 exspectandum,
353 2160 429 2222 dum
447 2181 481 2222 se
498 2160 570 2242 ipsa
585 2181 635 2222 res
654 2157 798 2240 aperiret.

10 2277 13 2294 =
128 2250 187 2314 IV.
215 2251 345 2314 Interim
354 2249 497 2335 Argilius
507 2251 636 2332 quidam
645 2247 906 2325 adolescentulus,
925 2269 1020 2331 quem
1028 2267 1138 2333 pue-1
1245 2239 1295 2360 β’

76 2367 149 2408 rum
166 2343 342 2406 Pausanias
371 2365 476 2407 amore
499 2364 631 2408 venereo
654 2342 818 2419 dilexerat,
847 2363 918 2406 curn
941 2342 1105 2427 epistolam

77 2435 118 2499 ab
137 2457 174 2500 co
192 2435 233 2500 ad
249 2433 446 2501 Artabazum
464 2437 646 2522 accepisset,
666 2436 756 2521 eique
774 2435 807 2500 in
825 2436 1035 2521 suspicionem
1052 2459 1107 2502 ve-

75 2529 184 2606 nisset,
203 2529 320 2612 aliquid
333 2530 366 2594 in
379 2552 417 2594 ea
430 2531 469 2594 de
484 2553 517 2596 se
532 2553 602 2596 esse
617 2532 777 2617 seriptum,
797 2531 882 2614 quod
894 2553 987 2620 nemo
997 2553 1106 2596 eorum

75 2623 220 2700 redisset,
244 2624 299 2706 qui
322 2647 416 2710 super
437 2625 492 2689 tali
514 2647 629 2690 caussa
647 2625 757 2690 eodem
775 2625 864 2690 missi
882 2633 979 2702 erant,
996 2625 1107 2706 ¹vincla

77 2717 226 2800 epistolae
240 2717 357 2780 laxavit
375 2719 528 2812 signoque
542 2719 681 2784 detracto
695 2719 852 2804 cognovit,
873 2718 900 2781 si
916 2717 1105 2802 pertulisset,

77 2809 137 2873 sibi
155 2833 225 2874 esse
242 2812 446 2894 pereundum.
474 2822 561 2878 erant
578 2813 611 2876 in
625 2813 734 2876 eadem
749 2811 890 2896 epistola,
909 2833 990 2894 quae
1008 2811 1049 2875 ad
1067 2834 1104 2876 ea
1123 2837 1139 2882 2

75 2902 282 2986 pertinebant,
301 2925 382 2984 qnae
399 2905 480 2967 inter
496 2927 604 2990 regem
616 2905 871 2988 Pausaniamque
884 2915 1103 2987 convenerant.

75 2996 134 3056 has
152 2994 204 3056 ille
222 2995 339 3060 litteras
359 2995 483 3079 ephoris
497 2999 632 3062 tradidit.
659 3021 723 3063 non
736 3007 784 3061 est
796 2999 1022 3081 praetereunda
1034 3022 1106 3084 gra·
1124 3023 1139 3070 3

76 3086 158 3149 vitas
176 3087 500 3152 Lacedaemoniorum
521 3091 682 3154 hocloco.
713 3113 788 3152 nam
804 3113 844 3152 ne
866 3091 959 3152 huius
978 3092 1105 3172 quidem

74 3179 190 3266 indicio
207 3180 336 3264 impulsi
355 3190 437 3258 sunt,
457 3191 492 3245 ut
509 3183 701 3247 Pausaniam
715 3181 1027 3265 comprehenderent,
1050 3204 1106 3246 ne-

75 3295 137 3356 que
154 3273 241 3358 prius
255 3275 319 3338 vim
333 3275 543 3340 adhibendam
560 3284 759 3362 putaverunt,
778 3297 873 3358 quam
892 3296 926 3339 se
943 3274 1012 3359 ipse
1024 3275 1105 3338 indi-

76 3377 186 3432 casset.
214 3368 319 3452 itaque
336 3370 410 3436 huie
427 3371 532 3449 indici,
552 3372 628 3455 quid
645 3371 712 3436 fieri
725 3370 849 3448 vellent,
868 3381 1102 3456 praeceperunt.

76 3459 183 3524 fanum
209 3461 348 3547 Neptuni
374 3473 423 3530 est
449 3465 598 3544 Taenari,
631 3465 716 3549 quod
741 3465 851 3530 violari
875 3465 965 3532 nefas
991 3475 1138 3552 putante

77 3551 200 3619 Graeci.
236 3577 273 3621 eo
295 3557 347 3622 ille
369 3558 464 3622 index
486 3559 629 3645 confugit
650 3561 683 3623 in
706 3580 820 3643 araque
839 3561 988 3626 consedit.
1020 3561 1103 3626 hanc
1185 3605 1193 3634 .

75 3648 162 3714 iuxta
178 3649 282 3714 locum
304 3651 447 3716 fecerunt
465 3653 523 3718 sub
546 3663 641 3730 terra,
669 3677 709 3718 ex
726 3675 789 3736 quo
806 3663 914 3738 posset
932 3653 1046 3730 audiri,
1076 3655 1103 3718 si

74 3743 145 3824 quis
163 3743 240 3824 quid
256 3743 435 3826 loqueretur
453 3767 525 3808 cnm
542 3745 676 3832 Argilio.
704 3747 767 3811 huc
780 3769 820 3812 ex
833 3747 957 3832 ephoris
972 3746 1100 3829 quidam
1120 3765 1136 3814 5

75 3836 312 3900 descenderunt.
338 3838 524 3915 Pausanias,
543 3850 578 3904 ut
596 3842 724 3918 audivit,
742 3840 902 3926 Argilium
920 3840 1101 3926 confugisse

74 3930 108 3994 in
126 3951 225 4008 aram,
252 3931 452 4015 perturbatus
471 3933 556 3998 venit
574 3955 621 3998 eo.
656 3955 751 4017 quern
768 3955 840 3998 cum
859 3934 1032 4018 supplicem
1050 3935 1102 4000 dei

72 4021 193 4088 videret
213 4023 247 4088 in
268 4047 323 4090 ara
345 4025 520 4106 sedentem,
548 4026 683 4111 quaerit,
711 4047 842 4092 caussae
868 4027 943 4110 quid
969 4027 1010 4093 sit
1035 4037 1101 4096 tam
