2758 4726
380 279 382 286 ’
473 281 665 338 EUMENES.
969 303 974 312 ·
1039 273 1080 338 61

54 404 142 466 cium
168 398 355 474 admittitur,
387 396 449 460 nisi
474 395 607 461 honesto
632 395 703 482 loco
729 405 760 460 et
784 397 846 462 fide
865 409 903 465 ¹et
928 401 1083 468 industria

54 495 196 581 cognita,
220 492 306 576 quod
323 509 452 555 necesse
471 498 519 554 est
541 489 681 554 omnium
699 490 900 556 consiliorum
921 515 993 559 eum
1011 519 1082 562 esse

54 588 249 675 participem.
277 585 361 649 hunc
378 584 482 649 locum
505 581 604 648 tenuit
621 584 776 648 amicitiae
795 585 880 669 apud
901 585 1082 673 Philippum
1101 613 1115 661 a

54 705 155 749 annos
175 689 304 766 septem.
331 678 386 743 illo
402 677 566 744 interfecto
585 679 697 744 eodem
713 677 815 764 gradu
833 679 893 743 fuit
910 682 995 764 apud
1007 680 1087 746 Ale-

55 777 210 842 xandrum
219 795 318 838 annos
328 773 486 837 tredecim.
514 765 685 838 novissimo
696 783 836 857 tempore
845 774 981 858 praefuit
990 775 1084 838 etiam

54 873 171 937 alterae
185 870 324 954 equitum
338 867 416 945 alae,
431 889 512 951 quae
523 867 691 934 Hetaerice
705 867 931 952 appellabatur.
959 869 1083 952 utrique

54 974 161 1030 autem
178 964 212 1028 in
230 962 359 1028 consilio
379 983 503 1047 semper
520 961 610 1026 affuit
628 971 659 1029 et
677 962 818 1026 omnium
835 983 940 1026 rerum
958 961 1083 1027 habitus

55 1067 105 1125 est
121 1059 287 1146 particeps.
729 1115 732 1122 ,

107 1153 153 1218 11.
183 1151 367 1217 Alexandro
385 1150 551 1235 Babylona
578 1160 700 1216 mortuo
727 1173 798 1216 eum
824 1175 923 1239 regna
950 1152 1082 1238 singulis
1104 1174 1117 1219 1

54 1247 262 1313 familiaribus
285 1245 523 1331 dispertirentur
545 1254 576 1309 et
598 1267 722 1310 summa
743 1267 847 1310 rerum
869 1247 982 1311 tradita
999 1255 1084 1312 esset

54 1343 171 1407 tuenda
189 1342 305 1418 eidem,
325 1341 376 1405 cui
393 1338 577 1404 Alexander
594 1339 730 1403 moriens
750 1339 900 1403 annulum
920 1361 1012 1403 suum
1030 1341 1085 1403 de-

55 1438 153 1514 derat,
172 1435 352 1511 Perdiccae,
372 1455 412 1498 ex
428 1455 491 1516 quc
506 1453 615 1496 ornnes
635 1433 840 1510 coniecerant,
860 1455 933 1496 eum
951 1453 1084 1518 regnum
1103 1453 1117 1498 a

55 1531 85 1594 ei
105 1529 358 1605 commendasse,
381 1528 486 1610 quoad
507 1526 597 1591 liberi
616 1527 683 1590 eius
706 1527 740 1590 in
758 1549 848 1591 suam
866 1527 996 1590 tutelam
1014 1547 1084 1610 per-

52 1625 218 1688 venissent
236 1622 358 1704 (aberat
375 1621 459 1684 enim
477 1619 626 1685 Craterus
646 1630 677 1684 et
694 1619 870 1704 Antipater,
890 1621 945 1704 qui
962 1629 1086 1684 antece·
1186 1609 1187 1618 ¹

51 1719 133 1781 dere
158 1715 244 1779 hunc
269 1715 468 1792 videbantur}
496 1725 636 1780 mortuus
663 1725 730 1779 erat
751 1713 962 1800 Hephaestio,
990 1735 1085 1798 quem

51 1833 158 1875 unum
175 1808 370 1886 Alexander,
394 1808 479 1891 quod
496 1807 588 1872 facile
605 1809 737 1894 intelligi
754 1819 875 1894 posset,
894 1809 1022 1894 plurimi
1039 1808 1086 1872 fe-

53 1903 170 1989 cerat):
189 1903 250 1968 hoc
268 1912 407 1989 tempore
425 1903 499 1967 data
516 1911 565 1967 est
573 1902 711 1967 Eumeni
722 1903 925 1988 Cappadocia
943 1904 1010 1967 sive
1028 1924 1086 1987 po·

21 2017 25 2039 ²
54 1999 119 2062 tius
139 1998 230 2063 dicta.
258 2021 331 2062 nam
349 2007 416 2062 tum
434 1997 626 2062 in·h0stium
645 2007 711 2062 erat
732 2007 896 2082 potestate.
923 1998 1007 2062 hunc
1026 1996 1087 2062 sibi
1104 2015 1119 2062 3
1216 2030 1218 2036 r

21 2098 30 2134 ²*
53 2091 225 2158 Perdiccas
240 2093 425 2157 adiunxerat
438 2115 554 2177 magno
574 2093 687 2168 studio,
707 2094 792 2173 quod
804 2094 838 2155 in
849 2094 975 2157 homine
988 2093 1086 2157 fidem

53 2195 87 2251 et
105 2186 292 2250 industriam
309 2207 458 2270 magnam
476 2184 613 2260 videbat,
631 2206 696 2247 non
710 2183 866 2259 dubitans,
887 2186 914 2246 si
931 2207 1003 2247 eum
1020 2185 1087 2268 pel-

52 2280 199 2355 lexisset,
218 2299 335 2362 magno
349 2277 422 2340 usui
435 2276 503 2341 fore
514 2275 574 2340 sibi
586 2275 620 2338 in
633 2275 682 2339 his
692 2275 796 2352 rebus,
816 2297 894 2359 quas
905 2276 1086 2362 apparabat.

51 2372 219 2458 cogitabat
236 2371 329 2448 enim,
348 2370 433 2453 quod
450 2369 516 2434 fere
535 2391 642 2434 omnes
661 2369 694 2432 in
711 2370 834 2456 magnis
857 2371 995 2456 imperiis
1014 2391 1089 2434 con-

51 2465 236 2548 cupiscunt,
257 2465 395 2528 omnium
413 2473 517 2548 partes
537 2464 691 2547 corripere
714 2473 807 2546 atque
826 2464 1000 2550 complecti.
1032 2485 1087 2529 ne·
1105 2482 1122 2528 4

52 2579 121 2643 que
140 2579 215 2622 vero
229 2558 290 2622 hoc
306 2558 358 2621 ille
370 2559 455 2622 solus
473 2557 558 2634 fecit,
578 2557 634 2621 sed
651 2558 746 2621 ceteri
759 2579 884 2642 quoque
898 2580 1018 2635 omnes,
1033 2560 1088 2641 qui

55 2651 233 2717 Alexandri
251 2651 374 2716 fueram
392 2652 493 2716 amici.
524 2646 650 2736 primus
662 2651 848 2716 Leonnatus
865 2651 1088 2716 Macedoniam

56 2766 288 2831 praeoccupare
304 2745 556 2830 praedestinavit.
588 2745 616 2807 is
634 2743 741 2808 multis
764 2743 950 2828 magnisque
968 2742 1088 2828 pollici-

57 2839 228 2905 tationibus
245 2839 434 2924 persuadere
448 2838 586 2904 Eumeni
604 2837 732 2916 studuit,
752 2847 786 2902 ut
794 2837 979 2903 Perdiccam
997 2838 1088 2902 dese-

56 2943 140 2998 reret
166 2955 203 2998 ac
231 2955 337 2998 secum
359 2933 477 2997 faceret
499 2933 689 2997 societatem.
727 2955 799 2996 cum
820 2933 992 3017 perducere
1014 2953 1087 2998 eum
1105 2951 1120 2998 5

58 3049 126 3090 non
152 3038 273 3112 posset,
301 3027 474 3092 interficere
497 3036 626 3092 conatus
650 3036 711 3104 est3
739 3036 770 3090 et
788 3027 929 3104 fecisset,
957 3027 1018 3091 nisi
1035 3026 1088 3090 ille

59 3118 144 3184 clam
162 3131 253 3186 noctu
271 3143 311 3186 ex
328 3121 491 3207 praesidiis
511 3121 577 3185 eius
596 3120 769 3204 effugisset.

110 3213 174 3278 111.
201 3213 332 3279 Interim
351 3213 483 3280 conflata
501 3223 574 3280 sunt
591 3213 645 3276 illa
662 3211 754 3287 bella,
774 3229 855 3294 quae
873 3210 914 3273 ad
931 3209 1088 3273 internici-
1108 3231 1120 3276 1

59 3329 153 3373 onem
170 3319 243 3395 post
259 3309 435 3374 Alexandri
456 3319 589 3388 mortem
607 3316 698 3395 gesta
716 3314 798 3383 sunt,
823 3327 995 3388 omnesque
1014 3327 1088 3369 con-

60 3413 224 3468 curremnt
232 3405 273 3468 ad
281 3403 465 3469 Perdiccam
476 3403 725 3490 opprimendum.
753 3421 847 3485 quem
858 3400 917 3464 etsi
930 3399 1088 3464 infirmum

58 3495 202 3575 ridebat,
226 3498 311 3582 quod
333 3521 414 3564 unus
437 3497 583 3563 omnibus
605 3495 751 3561 resistere
774 3495 959 3583 cogebatur,
983 3504 1089 3560 tamen

60 3591 198 3655 amicum
219 3615 283 3656 non
301 3593 439 3656 deseruit
459 3613 562 3675 neque
581 3591 690 3656 salutis
709 3613 804 3674 quam
826 3589 901 3654 fidei
922 3590 983 3654 fuit
1001 3590 1088 3674 cupi-

58 3685 136 3750 dior.
163 3686 358 3770 praefecerat
374 3685 459 3748 hunc
467 3684 635 3750 Perdiccas
654 3685 684 3749 ei
700 3685 782 3770 parti
790 3683 899 3760 Asiae,
919 3683 1122 3767 quaeintera

58 3779 203 3844 Taurum
221 3791 359 3846 montem
373 3780 453 3843 iacet
470 3787 564 3860 atque
573 3777 826 3862 Hellespontum,
846 3786 876 3840 et
889 3775 977 3838 illum
990 3793 1089 3835 unum

57 3885 252 3957 opposuerat
268 3873 444 3960 Europaeis
467 3870 669 3947 adversariis3
696 3871 764 3954 ipse
782 3868 967 3952 Aegyptum
990 3884 1090 3946 oppu-

58 3975 193 4052 gnatum
219 3969 371 4035 adversus
388 3967 607 4034 Ptolemaeum
629 3972 695 4028 erat
720 3960 891 4047 profectus.
926 3957 1087 4022 Eumenes
1107 3973 1123 4020 a

58 4082 134 4127 cum
152 4084 255 4149 neque
272 4087 404 4153 magnas
423 4063 529 4150 copias
547 4081 650 4146 neque
667 4057 774 4123 firmas
792 4053 931 4134 haberet,
955 4049 1041 4138 quod
1058 4057 1090 4115 ct
