2732 4722
283 269 326 332 10
617 275 802 335 CORNELII
814 275 975 336 Nurorls

281 395 386 458 minus
409 392 476 457 fieri
504 412 637 476 eumque
659 392 693 455 in
710 413 748 456 ea
768 413 802 456 re
824 395 929 458 conari
950 393 1072 472 fallere,
1095 393 1219 459 interim
1235 395 1309 460 reli-

246 488 337 571 squi
362 485 458 571 legati
485 495 558 550 sunt
584 485 751 550 consecuti.
787 509 806 548 a
828 486 942 568 quibus
965 509 1037 553 cum
1063 488 1215 565 audisset,
1243 512 1308 554 non

281 580 415 644 multum
433 601 598 664 superesse
615 579 805 656 munitionis,
828 580 869 642 ad
887 580 1020 665 ephoros
1038 581 1308 647 Lacedaemonio·

280 697 350 738 rum
368 673 514 752 accessit,
536 694 633 757 penes
651 693 730 754 quos
750 695 908 736 summum
926 684 991 738 erat
1008 675 1187 760 imperium,
1211 685 1307 759 atque

256 842 261 848 ⁶
280 767 366 852 apud
388 787 441 830 eos
460 765 631 842 contendit,
659 765 740 829 falsa
760 766 799 830 iis
822 787 892 830 esse
911 767 1027 832 delata:
1055 790 1151 852 quare
1169 791 1307 852 aequum

280 882 364 937 esse,
392 859 462 924 illos
488 859 571 922 viros
594 858 693 922 bonos
720 857 903 942 nobilesque
930 861 1065 939 mittere,
1093 862 1208 944 quibus
1226 863 1307 927 fides

280 953 460 1030 haberetur,
484 953 538 1036 qui
558 974 625 1016 rem
648 953 858 1036 explorarent3
885 955 1055 1020 interesse
1074 957 1308 1021 obsidemreti-

247 1058 397 1115 anerent.
433 1057 541 1133 gestus
565 1057 612 1110 est
630 1047 659 1110 ei
680 1069 764 1125 mos,
787 1056 912 1131 tresque
934 1049 1031 1134 legati
1051 1050 1152 1114 functi
1174 1053 1306 1116 summis

279 1140 449 1207 honoribus
475 1140 620 1206 Athenas
647 1141 737 1205 missi
763 1151 845 1206 sunt.
882 1165 954 1207 cum
979 1145 1029 1208 his
1061 1145 1197 1232 collegas
1230 1167 1307 1209 suos

279 1234 507 1299 Themistocles
522 1235 613 1299 iussit
626 1235 790 1319 proficisci,
810 1236 921 1319 hisque
935 1238 1097 1322 praedixit,
1116 1249 1204 1302 utne
1217 1239 1306 1322 prius

278 1327 601 1392 Lacedaemoniorum
618 1327 737 1414 legatos
756 1329 945 1394 dimitterent
958 1352 1052 1412 quam
1069 1332 1137 1415 ipse
1156 1341 1238 1396 esset
1254 1354 1308 1394 re-

243 1421 403 1488 smissus.
439 1420 497 1486 hos
519 1431 687 1506 postquam
704 1420 848 1486 Athenas
870 1424 1050 1507 pervenisse
1072 1433 1158 1488 ratus
1177 1434 1238 1500 est,
1264 1425 1308 1487 ad

277 1515 496 1599 magistratum
514 1524 719 1597 senatumque
736 1516 1059 1581 Lacedaemoniorum
1077 1518 1154 1581 adiit
1171 1525 1202 1581 et
1219 1517 1309 1600 apud

278 1628 332 1670 eos
345 1606 502 1671 liberrime
516 1608 677 1692 professus
688 1617 745 1683 est,
764 1606 976 1674 Athenienses
991 1633 1049 1674 suo
1063 1611 1202 1686 consilio,
1218 1611 1309 1692 quod

277 1701 436 1764 communi
457 1701 524 1764 iure
544 1701 686 1784 gentium
708 1699 812 1762 facere
832 1712 975 1782 possent,
1004 1704 1142 1787 deosque
1159 1702 1307 1788 publicos

278 1815 415 1876 suosque
432 1793 548 1878 patrios
567 1813 603 1854 ac
620 1799 763 1872 penates,
787 1813 849 1872 quo
867 1792 990 1858 facilius
1010 1795 1049 1859 ab
1067 1797 1158 1861 hoste
1174 1805 1311 1881 possent

277 1886 456 1961 defendere,
480 1883 576 1945 muris
599 1881 754 1964 saepsisse
776 1904 877 1964 neque
900 1885 933 1946 in
951 1907 1001 1961 ec,
1026 1889 1110 1967 quod
1128 1889 1236 1951 inutile
1255 1910 1313 1951 es-

242 2002 259 2048 5
278 1988 325 2042 set
340 1975 500 2050 Graeciae,
520 1974 642 2038 fecisse.
670 1997 744 2037 nam
761 1975 886 2040 illorum
902 1976 1012 2040 urbem
1030 1987 1065 2040 ut
1082 2001 1313 2064 propugnacu-

277 2073 342 2135 lum
360 2069 539 2155 oppositum
561 2091 631 2134 esse
648 2067 799 2146 barbaris,
819 2070 904 2154 apud
920 2091 1016 2153 quam
1033 2071 1096 2133 iam
1114 2071 1162 2134 bis
1181 2073 1312 2139 classes

241 2165 379 2251 eregias
398 2163 511 2228 fecisse
529 2161 737 2248 naufragium.
764 2164 1033 2228 Lacedaemonios
1052 2173 1156 2228 autem
1173 2164 1255 2226 male
1271 2177 1314 2228 et

275 2261 390 2324 iniuste
412 2258 530 2334 facere,
558 2257 612 2340 qui
632 2257 666 2320 id
690 2258 795 2342 potius
817 2258 1030 2346 intuerentur,
1051 2259 1136 2339 quod
1160 2258 1314 2339 ipsorum

277 2351 494 2426 dominationi,
522 2373 617 2432 quam
639 2352 724 2432 quod
744 2351 909 2416 universae
933 2347 1085 2415 Graeciae
1105 2349 1181 2412 utile
1208 2358 1310 2414 esset.

276 2466 382 2528 quare,
403 2443 430 2505 si
448 2464 521 2506 suos
540 2443 661 2526 legatos
679 2444 819 2524 recipere
837 2443 966 2518 vellent,
985 2465 1064 2524 quos
1082 2441 1226 2505 Athenas
1244 2442 1311 2504 mi-

277 2545 395 2611 serant,
424 2555 458 2598 se
483 2535 687 2610 remitterent3
715 2535 804 2598 aliter
828 2535 898 2598 illos
921 2557 1093 2619 numquam
1114 2536 1149 2598 in
1169 2535 1308 2620 patriam

276 2639 382 2705 essent
398 2627 561 2712 recepturi.

243 2747 257 2792 1
327 2721 421 2787 VllL
449 2715 642 2786 Tamannon
652 2720 763 2806 effugit
772 2721 887 2785 civium
897 2745 1024 2787 suorum
1033 2723 1191 2787 invidiam.
1214 2747 1309 2787 nam-

276 2838 338 2898 que
360 2816 400 2879 ob
424 2816 558 2878 eundem
580 2815 737 2890 timorem,
764 2836 827 2896 quo
849 2816 1014 2881 damnatus
1042 2827 1109 2881 erat
1129 2817 1306 2894 Miltiades,

225 2941 231 2952 ·
276 2907 461 2972 testularum
483 2907 641 2992 suffragiis
664 2929 681 2970 e
704 2907 828 2972 civitate
856 2909 973 2974 eiectus
996 2908 1104 2995 Argos
1127 2910 1305 2974 habitatum

239 3001 439 3072 aconcessit.
476 2999 527 3064 hic
554 3021 627 3065 cum
652 3009 779 3085 propter
804 3001 918 3067 multas
941 3003 1008 3068 eius
1031 3004 1160 3068 virtutes
1187 3025 1308 3088 magna

276 3086 348 3161 cuni
366 3095 516 3183 dignitate
534 3095 662 3171 viveret,
681 3095 927 3160 Lacedaemonii
943 3097 1064 3182 legatos
1082 3096 1225 3160 Athenas
1244 3097 1310 3162 mi·
1348 3119 1349 3122 ’

276 3200 396 3267 semnt,
424 3189 479 3273 qui
501 3211 574 3254 eum
596 3187 759 3252 absentem
785 3200 982 3266 accusarent,
1010 3189 1095 3272 quod
1122 3191 1309 3254 societatem

241 3305 257 3352 3
276 3303 347 3348 oum
364 3305 439 3368 rege
457 3282 555 3344 Perse
578 3281 619 3344 ad
637 3279 803 3344 Graeciam
821 3282 1055 3364 opprimendam
1078 3283 1214 3347 fecisset.
1242 3283 1308 3346 hoc

276 3376 403 3440 crimine
426 3374 540 3439 absens
562 3373 745 3456 proditionis
768 3374 934 3437 damnatus
958 3383 1015 3438 est.
1050 3376 1084 3440 id
1109 3386 1146 3440 ut
1172 3377 1306 3453 audivit,

275 3469 362 3550 quod
379 3489 443 3531 non
461 3466 537 3531 satis
556 3474 658 3528 tutum
681 3487 715 3529 se
732 3464 831 3550 Argis
849 3466 989 3544 videbat,
1009 3467 1182 3554 Corcyram
1203 3470 1310 3532 demi-

275 3559 387 3644 gravit.
413 3558 548 3623 ibicum
566 3558 633 3621 eius
650 3558 807 3643 principes
826 3560 1098 3626 animadvertisset
1116 3564 1238 3638 timere,
1263 3586 1309 3627 ne

273 3661 401 3739 propter
419 3673 453 3716 se
471 3651 588 3716 bellum
609 3651 659 3715 his
676 3652 922 3718 Lacedaemonii
944 3664 975 3718 et
991 3654 1202 3721 Athenienses
1220 3657 1310 3720 indi-

276 3757 390 3825 cerent,
414 3746 455 3811 ad
471 3743 654 3821 Admetum,
673 3745 851 3812 Molossum
872 3771 994 3834 regem,
1018 3773 1090 3814 cum
1112 3773 1175 3834 quo
1197 3749 1226 3814 ei
1244 3751 1309 3814 ho-

240 3862 258 3909 4
277 3841 405 3926 spitium
423 3849 498 3917 erat,
518 3840 668 3926 confugit.
691 3840 754 3905 huc
771 3863 844 3906 cum
861 3843 1007 3920 venisset,
1027 3854 1058 3908 et
1074 3846 1107 3908 in
1123 3843 1309 3929 praesentia

274 3957 330 3998 rex
352 3935 489 4011 abesset,
517 3956 580 4016 quo
602 3934 719 3999 maiore
740 3933 890 4021 religione
913 3957 947 4000 se
969 3947 1128 4023 receptum
1150 3946 1305 4015 tueretur,

275 4027 372 4091 filiam
394 4029 460 4093 eius
482 4029 645 4113 parvulam
663 4029 791 4114 arripuit
814 4038 934 4094 etcum
956 4051 993 4096 ea
1011 4031 1096 4096 sein
1118 4030 1305 4110 sacrarium,
