2758 4726
444 265 671 325 aaasmaos.
1026 255 1069 321 59
1117 341 1120 348 Δ

38 389 116 452 ritas
135 385 203 449 eius
221 383 345 450 consilii
363 381 457 447 saluti
479 381 540 445 fuit
557 379 723 444 universis.
754 403 828 446 nam
845 405 916 448 cum
938 385 1067 470 quidam

40 477 281 554 adolescentuli,
308 476 448 540 hostium
474 475 611 538 adventu
638 473 802 558 perterriti,
831 476 871 539 ad
897 477 1065 544 Thebanos

39 569 238 656 transfugere
251 569 367 633 vellent
380 577 412 633 et
423 568 528 632 locum
542 576 630 630 extra
643 567 755 632 urbem
769 567 888 630 editum
901 570 1066 652 cepissent,

40 663 226 751 Agesilaus,
249 662 304 746 qui
321 660 621 748 perniciosissimum
639 658 707 724 fore
726 660 860 736 videret,
884 660 912 724 si
930 661 1068 725 animad-

41 781 168 825 versum
195 766 279 822 esset
309 777 500 842 quemquam
527 755 568 819 ad
593 754 702 819 hostes
729 754 928 840 transfugere
951 756 1067 833 conari,

41 876 114 918 cum
131 852 196 918 suis
215 873 253 916 eo
271 851 479 933 renitetque,
497 858 533 914 ut
551 850 579 913 si
595 848 679 914 bono
697 849 801 913 animo
820 849 984 926 fecissent,
1002 849 1070 912 lau-

40 947 128 1013 davit
145 945 310 1012 consilium
328 967 450 1021 eorum,
475 944 560 1028 quod
578 966 650 1008 eum
668 943 773 1008 locum
791 953 1014 1029 occupassent,
1038 952 1070 1007 et

41 1064 75 1107 se
93 1041 127 1105 id
145 1061 268 1124 quoque
291 1039 360 1104 fieri
381 1038 495 1103 debere
519 1039 786 1102 animadvertisse.
820 1039 865 1102 sio
887 1038 1069 1103 adolescen-
1087 1056 1102 1104 3

40 1134 126 1200 tulos
145 1133 288 1198 simulata
305 1132 484 1197 laudatione
505 1131 701 1220 recuperavit
719 1140 749 1196 et
767 1131 921 1196 adiunctis
945 1132 984 1196 de
1003 1133 1068 1196 suis

40 1227 207 1294 comitibus
225 1228 330 1293 locum
344 1236 446 1292 tutum
460 1226 592 1310 reliquit.
620 1247 756 1308 namque
774 1225 819 1288 illi
832 1235 924 1292 aucto
938 1249 1068 1291 numero

41 1343 159 1399 eorum,
178 1323 233 1406 qui
247 1331 390 1407 expertes
405 1331 492 1385 erant
506 1321 637 1397 consilii,
657 1341 855 1384 commovere
871 1343 904 1384 se
917 1343 981 1386 non
995 1332 1069 1386 sunt

40 1417 124 1494 ausi,
144 1439 243 1500 eoque
260 1417 417 1493 libentius,
437 1417 522 1499 quod
538 1415 635 1480 latere
654 1413 897 1492 arbitrabantur,
917 1436 997 1498 quae
1016 1437 1079 1486 co-.

41 1511 230 1595 gitaverant.

23 1657 25 1666 .
92 1603 172 1668 VH.
192 1602 269 1668 Sine
279 1602 374 1668 dubio
382 1613 455 1688 post
464 1604 665 1668 Leuctricam
674 1625 815 1688 pugnam
824 1601 1069 1668 Lacedaemonii
1087 1618 1101 1666 1

23 1719 75 1772 3se
95 1718 270 1778 numquam
286 1697 462 1762 refecerunt
482 1719 585 1781 neque
607 1696 774 1782 pristinum
796 1696 963 1779 imperium
979 1717 1070 1760 recu-

23 1799 199 1874 Lsperarunt,
218 1812 289 1854 cum
307 1791 429 1855 interim
446 1790 617 1877 Agesilaus
635 1813 699 1854 non
716 1790 847 1865 destitit,
867 1789 1070 1872 quibuscum-

38 1903 103 1965 que
124 1882 219 1948 rebus
245 1894 367 1969 posset,
393 1887 527 1970 patriam
553 1886 670 1949 iuvare.
706 1907 780 1948 nam
802 1905 874 1948 cum
900 1883 1101 1968 praecipuae
1209 1952 1214 1962 ,

23 1975 285 2055 ,Lacedaemonii
297 1979 474 2064 indigerent
487 1979 629 2064 pecunia,
648 1977 701 2042 ille
716 1977 871 2054 omnibus,
891 1978 945 2061 qui
959 2001 978 2042 a
991 1999 1066 2064 rege

23 2111 31 2148 ῃ
38 2069 229 2148 defecerant,
248 2073 405 2156 praesidio
415 2072 484 2146 fuit,
504 2094 522 2134 a
536 2069 650 2152 quibus
660 2092 777 2154 magna
786 2071 919 2133 donatus
933 2071 1069 2154 pecunia

22 2164 173 2248 ,patriam
196 2164 382 2228 sublevavit.
415 2173 509 2244 atque
530 2163 564 2225 in
580 2163 641 2225 hoc
658 2163 737 2224 illud
757 2163 911 2244 imprimis
934 2163 995 2225 fuit
1012 2165 1068 2226 ad·
1086 2181 1101 2228 3

22 2257 197 2335 ,mirabile
221 2278 294 2319 cum
312 2255 451 2318 maxima
472 2275 603 2318 munera
620 2253 649 2316 ei
667 2253 707 2318 ab
725 2253 853 2339 regibus
872 2274 908 2316 ac
926 2254 1068 2338 dynastis

22 2349 284 2431 ,civitatibusque
307 2348 534 2424 conferrentur,
562 2347 647 2430 quod
668 2347 745 2410 nihil
768 2368 918 2430 umquam
940 2347 1069 2411 domum

22 2463 134 2506 suam
152 2442 297 2519 contulit,
325 2442 402 2506 nihil
420 2442 459 2505 de
482 2442 580 2518 victu,
607 2441 684 2504 nihil
707 2441 746 2505 de
768 2441 883 2505 vestitu
901 2442 1068 2506 Laconum

35 2535 182 2598 mutavit.
214 2535 307 2600 domo
330 2536 439 2600 eadem
466 2534 526 2598 fuit
548 2543 725 2612 contentus,
754 2556 817 2619 qua
838 2535 1066 2621 Borysthenes,
1085 2555 1102 2600 4

38 2628 220 2714 progenitor
240 2629 394 2694 maiorum
417 2651 559 2706 suorum,
587 2628 690 2694 fuerat
712 2652 803 2694 usus:
831 2651 927 2710 quam
944 2629 1000 2711 qui
1021 2630 1069 2690 in-

39 2731 148 2799 trarat,
176 2721 297 2786 nullum
320 2723 446 2808 signum
469 2722 620 2798 libidinis,
648 2721 770 2805 nullum
795 2721 938 2784 luxuriae
960 2720 1067 2786 videre

40 2827 170 2900 poterat,
195 2827 303 2882 contra
325 2840 363 2883 ea
384 2819 519 2904 plurima
539 2819 708 2904 patientiae
731 2826 825 2901 atque
843 2816 1065 2895 abstinentiae;

42 2911 85 2975 sic
102 2911 187 2976 enim
204 2912 364 2990 instructa,
388 2923 423 2976 ut
440 2913 473 2977 in
490 2913 576 2978 nulla
592 2935 626 2976 re
644 2911 782 2976 differret
801 2912 939 2978 cuiusvis
962 2912 1066 2998 inopis

40 3013 136 3085 atque
151 3005 274 3089 privati.

95 3093 187 3162 VIIL
212 3098 320 3183 Atque
338 3100 389 3164 hic
402 3109 507 3166 tantus
522 3101 570 3165 vir
582 3109 617 3162 ut
630 3108 773 3162 naturam
787 3098 952 3161 fautricem
966 3097 1066 3161 habu·
1086 3115 1099 3160 1

41 3197 108 3254 erat
125 3189 157 3254 in
180 3193 351 3260 tribuendis
370 3194 466 3258 animi
483 3192 664 3269 virtutibus,
690 3191 735 3256 sic
756 3188 932 3254 maleficam
953 3199 1065 3253 nactus

42 3292 89 3347 est
112 3285 147 3348 in
169 3308 297 3372 corpore
323 3287 481 3374 fingendo.
517 3311 591 3353 narn
613 3297 644 3351 ct
671 3294 790 3351 statura
811 3283 872 3348 fuit
896 3282 1008 3348 humili
1034 3293 1066 3348 et

41 3399 169 3462 corpore
196 3381 312 3467 exiguo
335 3391 366 3446 et
392 3382 522 3446 claudus
545 3382 642 3446 altero
668 3381 758 3466 pede.
790 3399 942 3462 quaeres
971 3377 1065 3443 etiam

39 3473 220 3538 nonnullam
251 3475 402 3541 afferebat
428 3475 671 3552 deformitatem,
699 3483 793 3558 atque
823 3473 924 3560 ignoti
949 3472 1065 3538 faciem

41 3565 105 3631 cius
133 3589 206 3632 cum
232 3570 438 3646 intuerentur,
470 3570 725 3648 contemnebant3
751 3569 807 3652 qui
833 3578 938 3634 autem
965 3569 1064 3634 virtu-

40 3667 84 3724 tes
102 3673 275 3742 noverant,
297 3686 362 3728 non
387 3672 531 3746 poterant
552 3664 699 3728 admirari
721 3663 807 3728 satis.
843 3663 929 3746 quod
951 3663 981 3726 ei
1004 3683 1065 3724 usu
1083 3677 1098 3724 2

39 3755 137 3833 venit,
166 3779 239 3822 cum
265 3779 417 3822 annorum
444 3755 604 3840 octoginta
636 3756 777 3820 subsidio
804 3755 913 3818 Tacho
939 3753 972 3816 in
999 3751 1065 3814 Ae-

38 3857 171 3932 gyptum
197 3851 287 3916 iisset
308 3850 393 3916 etin
415 3859 485 3914 acta
507 3869 578 3912 cum
601 3848 666 3912 suis
689 3846 889 3911 accubuisset
911 3844 978 3907 sine
1000 3842 1065 3906 ullo

38 3949 122 4006 tecto
145 3955 339 4029 stratumque
361 3943 490 4010 haberet
512 3941 587 4020 tale,
614 3951 650 4004 ut
671 3951 754 4004 terra
775 3947 857 4002 tecta
879 3945 963 4002 esset
986 3945 1066 4000 stra-

38 4038 166 4119 mentis,
200 4062 302 4126 neque
331 4039 394 4106 huo
420 4037 554 4126 amplius
586 4057 682 4122 quam
710 4032 801 4122 pellis
829 4040 914 4099 esset
939 4030 1063 4108 iniecta,
