2732 4722
406 257 701 316 THRASYBULUS.
1023 253 1065 316 27

34 378 107 442 laus
126 383 212 440 esset
222 373 345 439 fortiter
360 373 477 450 venari,
495 373 655 438 luxuriose
671 374 787 452 vivere,
804 376 916 442 horum
933 379 980 444 sic
996 379 1067 443 imi.

35 479 137 534 tatum
155 467 427 544 consuetudinem,
450 476 486 530 ut
506 466 551 530 illi
567 467 630 550 ipsi
647 488 721 532 eum
737 468 771 532 in
791 467 841 532 his
858 471 994 536 maxime
1011 473 1067 538 ad-

36 563 231 628 mirarentur.
258 560 374 645 quibus
392 559 485 634 rebus
504 559 663 638 effecisse,
687 570 736 638 ut,
759 563 846 646 apud
863 584 1065 651 quoscunque
1085 588 1099 636 c

36 665 131 732 esset,
143 655 290 740 princeps
302 663 473 738 poneretur
484 653 715 738 habereturque
728 655 922 721 carissimus.
950 659 1007 722 sed
1019 681 1068 723 sa-

36 751 78 815 tis
96 749 136 814 de
152 749 228 826 hoc;
244 747 383 832 reliquos
402 747 570 812 ordiamur.

285 969 380 1036 VIII.
412 967 822 1036 THRASYBULUS.

91 1125 120 1189 1.
146 1122 375 1208 ThrasybuluS,
393 1123 477 1208 Lyci
491 1121 584 1199 filius,
602 1121 816 1188 Atheniensis.
844 1125 872 1190 si
888 1147 945 1211 per
958 1148 993 1191 se
1006 1128 1069 1192 vir·
1088 1148 1102 1194 1

36 1230 91 1283 tus
110 1219 176 1282 sine
193 1218 321 1282 fortuna
336 1216 584 1324 ponderanda'
559 1225 613 1292 srt,
587 1215 755 1292 tdubito,
774 1241 815 1280 an
830 1218 915 1284 hunc
931 1221 1068 1304 primum

37 1312 180 1376 omnium
197 1333 322 1396 ponam.
349 1310 471 1374 illud
446 1331 514 1375 sine
532 1263 643 1372 dubio:
661 1309 820 1372 neminem
836 1310 909 1374 huic
926 1315 1068 1395 praefero

36 1405 115 1483 fide,
143 1405 333 1480 constantia,
359 1388 607 1489 magnitudine
603 1402 713 1479 animi,
740 1403 773 1466 in
799 1404 932 1487 patriam
954 1429 1068 1470 amore.

37 1524 116 1565 nam
142 1501 228 1584 quod
253 1499 343 1562 multi
364 1498 530 1562 voluerunt
518 1497 710 1581 tpaucique
735 1506 791 1581 pot
791 1507 917 1574 uerunt,
891 1499 985 1562 tab
1007 1519 1103 1566 unca

35 1606 174 1678 tyranno
195 1602 252 1678 pat
251 1593 331 1656 riam
351 1591 498 1667 liberare,
520 1591 594 1654 huic
616 1591 758 1676 contigit,
781 1600 817 1654 ut
835 1615 854 1654 a
872 1591 998 1676 triginta
1016 1615 1072 1677 op-

17 1709 185 1772 ,pressam
202 1685 343 1770 tyrannis
361 1707 380 1748 e
398 1685 515 1748 servitu
515 1685 597 1749 tein
613 1683 787 1748 libertatem
805 1679 985 1749 uindicaret.
1014 1687 1071 1752 sed
1089 1705 1104 1752 3

17 1779 150 1858 gnescio
166 1800 231 1862 quo
252 1777 360 1854 modo,
384 1799 546 1842 cumeum
562 1799 655 1842 nemo
678 1801 717 1842 an
718 1778 808 1842 teiret
795 1778 873 1842 this
892 1779 1070 1857 νιιιιιιιιιιιι,

17 1871 130 1951 ;ιιιιι1ιι
155 1869 318 1936 nobilitate
339 1881 630 1978 praecucurrerunt.
675 1872 812 1956 primum
836 1871 1070 1958 Peloponnesio

17 1965 120 2031 bello
137 1963 239 2028 multa
255 1963 347 2028 hic
322 1986 389 2029 s1ne
402 1963 569 2031 Alcibiade
586 1967 696 2051 gessit,
715 1967 768 2031 ille
785 1967 903 2031 nullam
916 1989 983 2032 rem
1002 1971 1070 2033 sine

17 2059 113 2138 hoo;
137 2080 219 2142 quae
236 2057 291 2122 ille
314 2058 462 2136 universa
482 2069 536 2124 nat
523 2060 616 2124 turali
633 2061 772 2145 quodam
789 2060 872 2126 bono
890 2061 965 2126 fecit
981 2062 1068 2127 lucri.

17 2153 96 2217 sed
112 2152 167 2217 illa
183 2161 291 2216 tamen
313 2153 420 2216 omnia
441 2154 620 2218 communia
641 2155 775 2239 imperat
762 2154 882 2220 toribus
901 2177 973 2219 cum
989 2146 1081 2220 ιιιιιι-Ι
1088 2175 1105 2220 4

17 2264 22 2321 ι,
36 2247 124 2311 tibus
143 2255 175 2310 et
191 2245 330 2323 fortuna,
353 2245 440 2329 quod
456 2247 490 2310 in
506 2247 617 2333 proelii
639 2269 794 2312 concursu
811 2247 877 2312 abit
893 2271 943 2314 res
962 2272 981 2313 a
999 2271 1072 2314 eon-

18 2340 113 2414 3sili0
135 2339 177 2402 ad
197 2339 280 2404 vires
301 2339 427 2424 vimque
447 2342 667 2428 pugnantium.
695 2343 800 2425 itaque
826 2343 892 2406 iure
915 2365 973 2408 suo
994 2366 1072 2408 non-

35 2432 129 2497 nulla
146 2431 186 2495 ab
204 2432 388 2517 imperatore
405 2435 510 2513 miles,
533 2435 669 2520 plurima
687 2457 761 2500 vero
779 2435 906 2502 fortuna
923 2438 1070 2513 vindicat,

38 2525 208 2608 sequehic
229 2527 301 2611 plus
318 2528 456 2594 valuisse
473 2551 570 2612 quam
592 2531 681 2594 ducis
703 2531 902 2615 prudentiam
923 2555 998 2596 vere
1014 2554 1071 2614 po-

38 2630 102 2684 test
127 2621 319 2704 praedicare.
354 2643 451 2704 quare
476 2623 555 2687 illud
579 2624 926 2710 magnificentissimum
952 2625 1106 2687 factumn

39 2715 201 2798 proprium
219 2722 269 2778 est
282 2713 482 2799 Thrasybuli.
508 2729 584 2781 nam
601 2739 674 2781 cum
691 2718 818 2802 triginta
832 2717 964 2801 tyranni,
983 2737 1073 2803 prae-

39 2808 167 2890 positia
178 2807 452 2886 Lacedaemoniis,
471 2811 620 2875 servitute
638 2832 805 2896 oppressas
819 2819 959 2885 tenerent
972 2809 1074 2876 Athe-

39 2925 108 2978 nas,
127 2901 278 2985 plurimos
294 2903 389 2979 cives,
408 2902 523 2986 quibus
540 2904 674 2969 inbelle
691 2913 833 2988 parserat
849 2904 983 2983 fortuna,
1001 2927 1074 2990 par-

39 2995 101 3056 tim
118 2995 218 3077 patria
234 2995 443 3081 expulissent,
466 2998 581 3082 partim
602 2999 845 3075 interfecissent,
868 2999 1074 3082 phuimorum

17 3111 18 3116 ¹
41 3086 130 3150 bona
150 3086 306 3170 pubhcata
326 3090 408 3154 inter
430 3113 464 3155 se
487 3091 681 3170 divisissent,
705 3115 769 3156 non
792 3091 894 3156 solum
916 3091 1072 3174 princeps,

41 3179 100 3244 sed
119 3179 216 3245 etiam
234 3182 317 3248 solus
334 3184 423 3248 initio
440 3183 559 3248 bellum
576 3185 625 3249 hls
643 3185 764 3250 indixit.

91 3272 139 3336 II.
167 3272 232 3339 Hie
250 3276 333 3340 enim
346 3299 419 3341 eum
431 3277 556 3362 Phylen
569 3277 773 3365 confugisset,
792 3277 878 3361 quod
896 3284 944 3342 est
961 3276 1074 3341 castel·
1093 3294 1106 3339 1

40 3368 109 3430 lum
125 3367 159 3430 in
175 3367 286 3434 Attica
307 3372 566 3449 munitissimum,
589 3395 654 3438 non
675 3373 747 3458 plus
765 3372 876 3438 habuit
894 3393 1003 3437 secum
1020 3370 1074 3436 tri-

40 3461 131 3546 ginta
148 3461 187 3525 de
205 3463 282 3528 suis.
308 3463 369 3530 hoc
387 3465 509 3530 initium
522 3465 583 3530 fuit
601 3465 710 3530 salutis
724 3464 926 3543 Actaeorum,
945 3465 1007 3530 hcc
1023 3487 1074 3531 rc-

41 3554 100 3618 hur
112 3553 266 3622 libertatis
281 3557 471 3624 clarissimae
485 3559 629 3623 civitatis.
653 3579 755 3642 neque
768 3581 842 3625 vero
855 3560 986 3625 hicnon
1000 3582 1074 3626 con·
1092 3577 1108 3624 2

40 3657 179 3733 temptus
203 3658 252 3714 est
273 3651 375 3734 primo
397 3677 417 3717 a
438 3653 579 3738 tyrannis
605 3660 699 3735 atque
721 3653 789 3717 eius
813 3653 958 3718 solitudo.
994 3674 1074 3736 quae

41 3743 171 3824 quidem
183 3765 235 3809 res
248 3754 281 3808 et
292 3745 355 3811 illis
369 3747 640 3812 contemnentibus
653 3748 783 3831 pernicii
796 3756 827 3812 et
839 3747 913 3810 huic
925 3748 1074 3830 despecto

42 3837 136 3901 saluti
153 3837 223 3902 fuit.
251 3839 331 3905 haec
348 3842 433 3908 enim
449 3842 520 3908 illos
539 3863 652 3927 segnes
671 3842 712 3905 ad
729 3840 997 3925 persequendum,
1015 3839 1074 3904 hos

41 3939 148 3996 autem
170 3941 313 4018 tempore
334 3935 376 4000 ad
398 3935 645 4021 comparandum
670 3933 744 3996 dato
770 3933 846 3995 fecit
870 3931 1073 3998 robustiores.

40 4043 103 4106 quo
122 4026 226 4112 magis
239 4037 444 4116 praeceptum
460 4030 539 4096 illud
553 4025 693 4096 omnium
709 4026 743 4091 iu
761 4024 872 4092 animis
887 4047 957 4093 esse
970 4025 1072 4104 debet,
1093 4045 1108 4092 a
