2758 4726
235 249 241 260 ⁸
302 293 344 355 ἰο
634 295 994 354 conunnuunrorrs
1048 349 1049 358 ,
1087 355 1091 369 Χ

300 423 366 480 erat
382 413 510 489 missus,
529 411 594 476 iam
610 413 816 477 inveteratam
830 411 1013 475 servitutem
1026 411 1197 496 depelleret
1213 418 1322 476 totam-

299 529 361 591 que
380 505 536 582 Siciliam,
559 505 676 569 multos
699 526 796 568 annos
819 503 902 568 bello
919 511 1066 568 vexatam
1084 503 1321 588 abarbarisque
1358 515 1359 524 ’

265 624 281 670 n
300 621 498 686 oppressam,
523 620 580 664 suo
599 599 736 662 adventu
756 597 789 660 iu
810 595 978 681 pristinum
995 597 1181 662 restitueret.
1215 598 1324 662 sedin

299 695 350 759 his
367 693 463 759 rebus
476 715 541 757 non
558 692 693 777 simplici
706 692 832 756 fortuna
852 690 1048 755 conflictatus
1066 699 1115 754 est
1132 699 1172 768 et,
1190 691 1226 755 id
1243 692 1324 775 quod

301 785 459 852 difficilius
477 794 617 872 putatur,
641 784 740 848 multo
759 783 931 868 sapientius
953 783 1025 848 tulit
1043 785 1214 848 secundam
1232 805 1325 868 qnam

268 903 283 950 a
302 881 467 946 adversam
488 879 656 942 fortunam.
697 899 771 941 nam
794 899 866 941 cum
892 875 989 940 frater
1010 877 1079 941 eius
1102 877 1324 963 Timophanes,

301 976 367 1038 dux
385 997 404 1038 a
422 971 593 1036 Corinthiis
612 969 766 1048 delectus,
790 969 987 1055 tyrannidem
1004 992 1062 1056 per
1078 971 1192 1036 milites
1210 993 1327 1036 mercc-
1359 1026 1360 1048 ,

300 1067 404 1132 uarios
423 1072 609 1148 occupasset
625 1057 845 1148 'particepsque
862 1063 952 1149 regni
973 1074 1082 1148 posset
1099 1086 1183 1142 csse,
1204 1073 1328 1131 tantum

301 1159 381 1222 afuit
398 1181 417 1220 a
435 1156 583 1221 societate
602 1156 738 1234 sceleris,
757 1164 793 1220 ut
810 1156 989 1220 antetulerit
1006 1157 1123 1221 civium
1141 1178 1273 1224 suorum
1296 1160 1330 1223 li-

300 1251 454 1314 bertatem
475 1249 580 1315 fratris
604 1250 698 1314 saluti
720 1259 752 1314 et
773 1271 883 1335 parere
904 1249 1029 1335 legibus
1052 1273 1149 1334 quam
1174 1251 1329 1338 imperare

267 1345 420 1430 rpatfiae
444 1343 543 1409 satius
566 1345 699 1409 duxerit.
731 1344 792 1408 hac
813 1352 918 1408 mente
939 1365 996 1428 per
1021 1344 1221 1430 haruspicem
1243 1367 1330 1410 com-

302 1461 492 1522 munemque
510 1437 651 1515 affinem,
675 1439 726 1502 cui
749 1459 837 1502 soror
854 1460 894 1502 ex
912 1437 1032 1501 eisdem
1052 1437 1236 1522 parentibus
1257 1448 1331 1503 nata

255 1567 261 1574 ·
301 1543 401 1618 nupta
419 1541 493 1607 erat,
512 1532 644 1614 fratrem¹
658 1540 826 1614 tyrannum
838 1530 1092 1595 interficiundum
1106 1533 1236 1596 curavit.
1264 1533 1332 1617 ipse

302 1649 366 1689 non
384 1626 476 1689 modo
489 1637 606 1686 'manus
624 1627 687 1686 no'n
706 1625 817 1699 attulit,
838 1624 894 1687 scd
911 1646 951 1687 ue
969 1625 1109 1710 aspicere
1127 1625 1257 1709 quidem
1272 1627 1333 1690 fra·

303 1727 428 1781 tcmum
446 1715 632 1800 sanguinem
650 1715 758 1791 uoluit.
785 1739 859 1778 nam
873 1717 948 1779 dum
961 1739 1012 1782 res
1027 1717 1241 1796 conficeretur,
1260 1741 1334 1804 pro·

304 1809 355 1873 cul
376 1811 409 1873 in
429 1807 585 1892 pracsidio
607 1807 680 1881 fuit,
703 1827 743 1870 ne
765 1807 836 1888 quis
859 1807 984 1871 satelles
1006 1820 1336 1896 posset-succurrere.

270 1919 286 1966 5
303 1902 364 1964 hoc
380 1898 665 1982 praeclarissimum
679 1897 747 1960 eius
765 1897 883 1960 factum
896 1919 959 1959 non
971 1901 1042 1980 pari
1054 1901 1148 1964 modo
1160 1904 1339 1984 probatum

303 1999 351 2053 cst
369 1990 409 2052 ab
427 1987 583 2052 omnibus.
610 1988 751 2052 nonnulli
770 1988 853 2052 enim
870 1988 988 2052 laesam
1001 1989 1041 2054 ab
1055 2011 1092 2054 eo
1105 1991 1254 2076 pietatem
1273 2017 1361 2077 pun

302 2081 412 2146 tabant
430 2090 461 2146 et
481 2080 602 2146 invidia
622 2081 749 2146 laudem
765 2081 888 2146 virtutis
911 2079 1104 2147 obterebant.
1135 2091 1238 2147 mater
1255 2107 1340 2152 vero

302 2175 427 2261 post'id
444 2174 563 2238 factum
584 2196 687 2259 neque
704 2175 834 2239 domum
851 2175 892 2239 ad
910 2196 944 2239 se
961 2175 1062 2239 filium
1084 2175 1211 2240 admisit
1227 2199 1337 2262 neque

306 2269 437 2356 aspexit,
457 2269 534 2352 quin
552 2291 625 2333 eum
641 2268 834 2333 fratricidam
855 2268 1049 2353 impiumque
1067 2268 1227 2334 detestans
1247 2291 1336 2336 com-

272 2383 287 2430 6
304 2363 444 2446 pellaret.
468 2362 582 2443 quibus
596 2361 691 2426 rebus
705 2361 757 2426 illc
771 2362 850 2426 adeo
864 2371 912 2426 est
926 2371 1112 2440 commotus,
1130 2371 1165 2426 ut
1178 2385 1335 2428 nonnum-

305 2477 401 2538 quam
418 2455 501 2517 vitac
518 2455 614 2518 finem
631 2456 735 2518 facere
748 2455 882 2518 voluerit
899 2463 993 2537 atque
1007 2475 1047 2519 ex
1063 2455 1260 2542 ingratorum
1281 2457 1335 2522 ho-

304 2546 425 2610 minum
443 2555 614 2630 conspectu
631 2555 731 2609 morte
749 2545 910 2610 decedere.
1361 2549 1362 2602 l

272 2657 286 2705 1
356 2638 402 2704 Π.
429 2638 560 2702 Interim
577 2639 682 2704 Dione
703 2631 870 2724 Syracusis
887 2639 1053 2706 interfecto
1069 2639 1247 2727 Dionysius
1264 2665 1333 2708 rur-

307 2755 361 2797 sus
389 2731 619 2816 Syracusarum
644 2733 762 2816 potitus
789 2741 852 2810 est3
879 2732 969 2798 cuius
995 2735 1167 2800 adversarii
1193 2757 1291 2821 opem
1316 2759 1331 2800 a

306 2823 478 2888 Corinthiis
493 2827 649 2909 petierunt
663 2827 846 2909 ducemque,
865 2826 974 2908 quoin
991 2826 1074 2891 bello
1087 2837 1258 2907 uterentur,
1278 2851 1331 2914 po·

307 2915 470 2980 stularunt.
499 2917 561 2981 huc
579 2914 746 3004 Timoleon
763 2919 879 2983 missus
898 2919 1072 2985 incredibili
1089 2920 1239 2986 felicitate
1251 2921 1329 2986 Dio-

253 3025 287 3075 ‘2
306 3011 432 3095 nysium
449 3018 514 3076 tota
525 3007 632 3076 Sicilia
650 3012 778 3096 depulit.
807 3034 879 3076 cum
896 3012 1068 3078 interficere
1085 3023 1203 3099 posset,
1221 3015 1328 3090 noluit,

305 3111 435 3188 tutoque
448 3111 483 3168 ut
493 3102 680 3169 Corinthum
693 3105 880 3189 perveniret,
898 3105 1011 3184 effecit,
1031 3108 1116 3190 quod
1128 3103 1330 3190 utrorumque

304 3195 535 3281 Dionysiorum
553 3199 665 3282 opibus
686 3197 841 3263 Corinthii
860 3221 954 3284 saepe
972 3200 1071 3264 adiuti
1089 3200 1221 3278 fuerant,
1240 3201 1328 3264 cuius

305 3287 508 3375 benignitatis
521 3292 704 3354 memoriam
713 3291 839 3378 volebat
852 3301 984 3368 exstare,
999 3315 1131 3376 eamque
1140 3292 1328 3380 praeclaram

305 3382 469 3445 victoriam
495 3380 644 3458 ducebat,
671 3383 705 3444 in
731 3404 795 3464 qua
819 3383 890 3466 plus
914 3391 999 3446 essct
1025 3385 1208 3453 clementiae
1235 3407 1328 3470 quam

306 3473 497 3536 crudelitatis
503 3499 512 3550 ;
534 3483 709 3558 postrem0,
727 3483 845 3539 utnon
863 3475 964 3538 solum
983 3465 1111 3546 auribus'
1128 3481 1327 3567 acciperetur,

307 3563 363 3624 sed
381 3562 476 3625 etiam
494 3567 592 3630 oculis
611 3575 797 3643 cemeretur‚
822 3587 916 3649 quem
934 3577 966 3632 et
983 3591 1023 3637 ex
1040 3584 1157 3657 quanto
1174 3596 1272 3662 regno
1291 3573 1328 3638 ad

272 3677 400 3740 squam
422 3655 580 3723 fortunam
602 3658 774 3725 detulisset.
806 3671 878 3747 post
899 3662 1048 3750 Dionysii
1069 3669 1237 3735 decessum
1259 3689 1328 3734 cum

304 3751 421 3816 Hiceta
438 3750 578 3830 bellavit,
602 3755 656 3838 qui
674 3755 858 3822 adversatus
882 3769 947 3823 erat
964 3759 1135 3847 Dionysio,
1154 3785 1251 3850 quem
1267 3787 1328 3829 non

305 3845 377 3910 odio
391 3846 562 3931 tyrannidis
576 3847 773 3927 dissensisse,
788 3851 845 3916 sed
854 3852 1146 3938 cupiditateindicio
1160 3858 1230 3936 fuit,
1245 3857 1328 3942 quod

256 3955 288 4028 ,4
304 3938 373 4022 ipse
391 3940 522 4025 expulso
531 3941 688 4027 Dionysio
705 3943 873 4030 imperium
890 3947 1044 4013 dimittere
1061 3949 1170 4015 noluit.
1199 3953 1259 4018 hoc
1278 3973 1327 4016 su·

303 4038 412 4112 petato
431 4033 595 4100 Timoleon
617 4027 769 4106 maximas
789 4041 894 4126 copias
914 4039 1222 4128 Carthaginiensium
1245 4042 1326 4130 apud
