2732 4722
421 250 728 310 THEMISTOOLES.
1072 245 1094 308 9

59 365 149 448 iecit,
175 369 210 434 id
232 369 298 456 agi,
326 375 363 433 ut
379 389 476 454 pons,
503 387 598 450 quem
616 366 670 430 ille
685 365 720 430 in
736 365 944 454 Hellesponto
961 369 1089 448 fecerat,
1203 367 1205 381 '

61 465 296 542 dissolveretur,
324 486 363 528 ac
384 461 487 528 reditu
503 461 536 524 in
553 459 669 525 Asiam
693 461 921 542 excluderetur3
947 464 1043 550 idque
1060 467 1090 530 ei

58 559 226 646 persuasit.
261 560 368 642 itaque
390 579 453 641 qua
475 577 532 620 sex
553 555 716 620 mensibus
739 556 799 621 iter
819 557 950 635 fecerat,
977 561 1124 628 eadema

59 653 165 718 minus
184 651 297 718 diebus
315 651 442 737 triginta
459 651 492 716 in
500 648 615 714 Asiam
632 672 779 716 reversus
797 660 846 716 est
863 673 960 734 seque
977 653 1090 720 aThe-

59 747 205 813 mistocle
223 768 288 812 non
305 753 498 830 superatum,
527 744 585 810 sed
607 753 826 810 conservatum
847 745 1007 812 iudicavit.
1044 748 1124 816 sios

57 842 154 906 unius
172 841 232 906 viri
248 839 413 926 prudentia
423 835 558 904 Graecia
570 838 702 904 liberata
716 848 773 916 est,
787 838 1001 924 Europaeque
1020 863 1091 906 suc-

60 935 176 1001 cubuit
185 931 276 1000 Asia.
310 935 390 999 haec
412 933 510 998 altera
531 933 674 1010 victoria,
697 955 870 1016 quaecum
887 933 1091 1000 Marathonio

60 1030 162 1116 possit
179 1029 352 1114 comparari
369 1037 506 1113 tropaeo.
534 1051 608 1092 nam
625 1029 694 1112 pari
711 1029 805 1093 modo
823 1029 908 1113 apud
927 1026 1092 1094 Salamiua

59 1145 157 1210 parvo
174 1145 304 1186 numero
326 1123 455 1188 navium
476 1121 615 1186 maxima
631 1131 704 1206 post
720 1122 883 1190 hominum
905 1123 1090 1189 memoriam

60 1217 170 1282 classis
189 1226 238 1281 est
255 1215 388 1282 devicta.

110 1310 169 1376 VI.
196 1309 339 1398 Magnus
356 1310 418 1376 hoc
435 1311 518 1375 bello
532 1309 763 1374 Themistocles
781 1308 850 1386 fuit,
867 1331 969 1392 neque
985 1312 1089 1376 minor
1108 1331 1122 1377 1

55 1405 91 1470 in
108 1427 196 1490 pace.
225 1426 298 1469 oum
321 1405 405 1470 enim
423 1404 589 1468 Phalerico
611 1411 705 1487 portu
726 1424 828 1485 neque
850 1425 966 1488 magno
987 1425 1091 1485 neque

56 1498 142 1564 bono
160 1497 373 1564 Athenienses
397 1506 573 1573 uterentur,
595 1495 689 1560 huius
708 1497 838 1562 consilio
856 1497 969 1582 triplex
984 1495 1091 1562 Piraei

56 1600 169 1676 portus
192 1591 381 1656 constitutus
408 1599 471 1666 est,
497 1590 587 1672 isque
614 1589 777 1654 moenibus
801 1590 1027 1666 circumdatus,
1054 1598 1091 1652 ut

56 1685 163 1767 ipsam
188 1684 300 1748 urhem
326 1683 478 1770 dignitate
504 1683 731 1768 aequipararet,
759 1683 891 1748 utilitate
918 1692 1087 1768 superaret.

58 1776 146 1840 idem
160 1799 267 1841 muros
276 1775 517 1841 Atheniensium
529 1777 665 1842 restituit
677 1777 846 1862 praecipuo
861 1800 919 1842 suo
937 1777 1086 1862 periculo.
1106 1795 1123 1843 2

58 1891 198 1954 namque
223 1871 468 1937 Lacedaemonii
499 1893 645 1936 caussam
674 1873 822 1938 idoneam
847 1873 932 1942 nacti
961 1881 1089 1958 propter

10 2007 11 2040 ÷
56 1961 265 2030 barbarorum
297 1965 514 2042 excursiones,
547 1987 610 2048 qua
640 1976 792 2052 negarent
826 1977 968 2052 oportere
999 1979 1088 2032 extra

10 2099 13 2137 ;
56 2055 315 2143 Peloponnesum
331 2059 429 2124 ullam
447 2057 558 2124 urbem
579 2059 710 2136 habere,
737 2082 778 2123 ne
800 2069 906 2125 essent
927 2060 998 2125 loca
1018 2083 1088 2124 rnu-

10 2207 12 2216 ,
56 2151 137 2228 nita,
165 2172 246 2235 quae
272 2151 381 2216 hostes
408 2153 619 2235 possiderent,
646 2150 860 2216 Athenienses
887 2151 1086 2218 aedificantes

10 2301 13 2310 .
55 2245 226 2330 prohibere
258 2257 332 2310 sunt
358 2246 471 2310 eonati.
511 2245 572 2308 hoo
597 2243 691 2329 longe
719 2245 780 2308 alio
807 2244 971 2328 spectabat
985 2253 1123 2326 atques

11 2409 12 2416 χ
56 2337 162 2402 videri
179 2335 336 2402 volebant.
363 2335 576 2402 Athenienses
596 2337 679 2401 enim
697 2336 820 2402 duabus
839 2336 991 2416 victoriis,
1015 2336 1089 2402 Ma-

57 2429 204 2496 rathonia
217 2440 248 2495 et
263 2428 444 2508 Salaminia,
464 2441 583 2496 tantam
596 2431 729 2517 gloriam
747 2432 831 2517 apud
849 2454 958 2498 omnes
975 2441 1087 2520 gentes

56 2533 147 2590 erant
164 2525 337 2602 consecuti,
357 2534 391 2589 ut
408 2526 617 2611 intelligerent
634 2526 895 2606 Lacedaemonii,
914 2528 954 2592 de
971 2527 1087 2612 princi-

53 2626 134 2705 patu
153 2615 213 2684 sibi
235 2640 309 2684 cum
329 2619 379 2682 his
402 2628 560 2684 certamen
582 2620 659 2686 sore.
692 2643 789 2703 quare
807 2643 861 2685 eos
885 2642 981 2703 quam
1001 2619 1122 2686 infir-4

53 2712 463 2778 missimosessevolebant.
490 2724 657 2799 postquam
667 2723 773 2778 autem
787 2715 961 2788 audierunt,
979 2734 1086 2777 muros

55 2807 183 2884 instrui,
206 2805 329 2893 legatos
351 2805 497 2872 Athenas
524 2808 689 2883 miserunt,
712 2807 821 2890 quiid
847 2806 915 2872 fieri
936 2815 1085 2872 vetarent.

53 2902 107 2966 his
130 2899 348 2984 praesentibus
370 2900 532 2964 desierunt
553 2921 591 2964 ac
608 2923 643 2965 se
661 2901 701 2964 de
718 2922 756 2964 ea
773 2922 807 2964 re
828 2901 949 2985 legatos
968 2901 1009 2965 ad
1030 2922 1085 2964 eos
1136 2939 1142 2950 ·

54 2994 212 3058 missuros
231 2993 385 3055 dixerunt.
412 2992 494 3056 hano
506 2993 694 3078 legationem
708 2995 847 3078 suscepit
856 2993 1085 3060 Themistocles
1105 3013 1122 3060 5

57 3094 92 3150 et
110 3083 196 3147 solus
213 3083 315 3168 primo
332 3085 491 3168 profectus
506 3095 568 3161 est;
585 3087 697 3168 reliqui
714 3085 811 3170 legati
827 3095 863 3148 ut
876 3095 944 3148 tum
957 3082 1088 3160 exirent,

56 3201 133 3244 cum
152 3177 229 3241 satis
247 3176 378 3242 altitudo
392 3181 474 3241 muri
491 3187 650 3244 exstructa
666 3179 832 3253 videretur,
851 3178 1022 3261 praecepit:
1040 3179 1088 3242 in-

55 3271 149 3336 terim
167 3293 293 3348 omnes,
317 3271 401 3336 servi
418 3281 511 3356 atque
528 3271 632 3350 liberi,
656 3294 736 3358 opus
754 3271 893 3336 facerent
910 3292 1013 3356 neque
1031 3272 1088 3336 ulli

54 3367 127 3430 loco
144 3374 321 3451 parcerent,
345 3365 411 3430 sive
431 3387 534 3443 sacer,
556 3363 638 3452 [sive
654 3363 834 3452 profanus]
854 3365 922 3432 sive
943 3365 1086 3450 privatus
1154 3366 1157 3371 ’

57 3467 152 3535 esset,
175 3459 241 3524 sive
258 3458 414 3545 publicus,
439 3467 469 3524 et
487 3459 635 3544 undique,
655 3460 741 3544 quod
758 3460 907 3524 idoneum
924 3459 966 3524 ad
982 3461 1086 3525 muni·

56 3553 173 3618 endum
189 3563 348 3640 putarent,
372 3564 584 3641 congererent.
620 3577 684 3639 quo
710 3555 909 3633 factumest,
931 3564 967 3620 ut
983 3553 1085 3622 Athe-

55 3647 212 3713 niensium
230 3647 312 3712 muri
329 3670 370 3714 ex
387 3649 510 3714 sacellis
529 3649 745 3734 sepulcrisque
762 3657 950 3714 constarent.

106 3739 184 3806 VH.
221 3741 449 3808 Themistocles
475 3750 594 3819 autem,
625 3751 662 3806 ut
686 3742 962 3808 Lacedaemonem
988 3739 1118 3816 venit,1

54 3835 142 3900 adire
160 3833 202 3898 ad
219 3833 420 3916 magistratus
437 3834 537 3896 noluit
554 3843 585 3897 et
598 3835 683 3900 dedit
700 3857 837 3920 operam,
856 3845 891 3898 ut
904 3855 1000 3916 quam
1016 3831 1085 3897 lon-

53 3927 189 4012 gissime
206 3933 331 4010 tempus
349 3924 490 4000 duceret,
510 3945 657 3990 caussam
673 3927 875 4009 interponens
893 3947 928 3987 se
946 3923 1083 4012 collegas

55 4027 249 4104 exspectare.
286 4037 359 4083 cum
376 4017 624 4084 Lacedaemonii
641 4010 854 4102 quererentur,
873 4039 952 4103 opus
970 4019 1086 4088 nihilo-
