2732 4722
445 266 687 324 ALCIBIADES.
1034 267 1075 329 21

49 407 113 471 que
129 387 250 460 maiora
266 391 375 470 posset
392 381 553 465 consequi,
571 403 669 466 quam
685 384 736 448 vel
753 392 864 452 natura
880 388 932 454 vel
950 387 1078 456 fortuna

48 480 210 546 tribuerat.
236 479 364 544 ineunte
381 476 592 542 adolescentia
609 485 732 542 amatus
751 486 799 544 est
816 501 836 542 a
852 481 957 546 multis
971 505 1076 548 amore
1094 506 1110 552 2

50 569 259 649 Graecorum,
285 571 320 636 in
346 571 391 636 eis
413 593 433 636 a
455 568 585 635 Socrate
614 568 670 655 [de
696 591 759 652 quo
785 573 975 638 mentionem
1000 576 1077 642 facit

48 665 142 731 Plato
162 665 197 730 in
220 662 400 750 Symposio.
435 684 572 745 namque
594 685 667 728 eum
687 663 811 728 induxit
834 687 1112 738 commemorans

49 769 124 836 tem,
143 780 178 824 se
194 767 396 842 pernoctasse
418 779 492 822 oum
511 755 641 824 Socrate
662 779 766 842 neque
783 758 873 824 aliter
894 759 935 826 ab
953 782 991 826 eo
1010 784 1078 826 sur-

47 852 170 916 rexisse
187 873 225 918 ac
240 852 324 916 filius
343 875 363 916 a
378 860 507 936 parente
529 849 697 935 debuerit].
732 861 845 936 postea
865 875 962 937 quam
983 854 1078 920 robu-
1096 878 1113 922 4

50 947 128 1011 stior
153 955 201 1010 est
226 945 340 1023 factus,
366 967 431 1011 non
456 945 560 1009 minus
587 945 666 1010 mult
654 954 703 1010 tos
730 947 861 1024 amavit,
888 948 1078 1031 inquorum

49 1061 165 1118 amore,
184 1040 289 1124 quoad
304 1039 425 1104 licitum
442 1049 500 1116 est,
520 1039 629 1104 odiosa
645 1038 745 1103 multa
762 1039 876 1106 delicat
863 1049 894 1104 te
911 1041 1079 1146 iocoseque
1119 1103 1125 1110 .

49 1133 135 1210 fecit,
152 1155 233 1217 quae
250 1133 449 1211 referremus,
467 1133 530 1198 nisi
547 1132 665 1196 maiora
681 1133 803 1216 potiora
822 1121 1022 1198 haberemus.

100 1225 163 1291 ΠΙ
189 1227 286 1292 Bello
289 1225 521 1312 Peloponnesio
534 1224 629 1290 huius
639 1225 815 1288 consiliot
783 1248 802 1290 a
802 1234 876 1308 tque
893 1229 1076 1294 auctoritate
1097 1251 1110 1295 1

47 1319 262 1386 Athenienses
279 1320 398 1386 bellum
417 1317 627 1404 Syracusanis
644 1317 823 1382 indixenmt
810 1327 837 1394 t;
864 1319 905 1382 ad
922 1323 1005 1402 quod
1022 1344 1077 1408 ge-
1178 1342 1185 1356 ·

47 1415 182 1480 rendum
199 1415 268 1499 ipse
286 1415 352 1478 dux
365 1413 505 1478 delectus
519 1419 576 1489 est,
596 1410 659 1476 duo
675 1419 837 1495 praeterea
850 1411 988 1496 collegae
1002 1414 1076 1490 dati,

46 1507 156 1573 Nicias
175 1517 207 1572 et
214 1507 408 1572 Lamachus.
435 1506 469 1570 id
478 1527 551 1570 cum
563 1513 774 1590 appararetur,
793 1504 879 1588 prius
889 1524 985 1587 quam
999 1504 1078 1570 clas·
1097 1526 1112 1572 2

47 1603 94 1668 sis
112 1602 221 1679 exiret,
240 1602 363 1677 accidit,
381 1608 418 1665 ut
434 1622 498 1664 una
510 1608 602 1664 noete
616 1619 724 1664 omnes
735 1597 886 1674 Hermae,
904 1599 959 1681 qui
976 1599 1010 1662 in
1023 1620 1079 1683 op-

45 1697 125 1781 pido
143 1705 232 1761 erant
248 1695 399 1770 Athenis,
418 1693 637 1769 deicerentur,
656 1703 781 1778 praeter
798 1714 909 1770 unum,
932 1693 987 1776 qui
1005 1701 1078 1756 ante

46 1790 178 1853 ianuam
201 1798 267 1852 erat
283 1787 452 1854 Andocidi.
482 1787 588 1870 itaque
609 1786 662 1850 ille
684 1795 796 1871 postea
812 1784 991 1850 Mercurius
1008 1784 1078 1849 An-

45 1882 171 1946 docidis
189 1883 343 1946 vocitatus
361 1890 418 1946 est.
445 1873 514 1946 hoc
524 1902 596 1946 cum
613 1890 778 1965 appareret
795 1901 860 1944 non
877 1879 945 1944 sine
962 1901 1078 1964 magua
1097 1897 1112 1944 3

44 1973 218 2040 multorum
231 1975 437 2040 consensione
451 1995 521 2040 esse
534 1973 663 2052 factum,
683 1995 764 2057 quae
777 1995 841 2038 non
854 1972 895 2038 ad
912 1973 1076 2056 privatam,

46 2067 105 2134 sed
125 2067 285 2156 publicam
305 2091 373 2134 rem
395 2068 577 2152 pertineret,
604 2089 747 2152 magnus
767 2067 958 2132 multitudini
984 2067 1077 2130 timor

45 2169 96 2226 est
117 2161 265 2238 iniectus,
291 2181 418 2243 nequa
442 2160 606 2243 repentina
626 2160 675 2222 vis
698 2159 733 2220 in
754 2159 879 2220 civitate
903 2159 1076 2236 exsisteret,
1168 2167 1176 2182 “

1 2300 3 2334 r
43 2275 129 2337 quac
146 2252 324 2318 libertatem
337 2251 526 2334 opprimeret
542 2249 660 2333 populi.
688 2249 748 2312 hoc
762 2249 898 2312 maxime
912 2249 1077 2312 convenire
1095 2271 1112 2334 ι

1 2407 2 2410 ,
42 2343 292 2410 inAlcibiadem
308 2341 483 2420 videbatur,
502 2341 588 2426 quod
605 2350 637 2405 et
652 2341 809 2426 potentior
822 2350 853 2404 et
870 2340 970 2405 maior
983 2363 1078 2424 quam

1 2434 2 2441 '
42 2437 192 2522 privatus
211 2435 457 2501 existimabatur.
485 2435 601 2498 multos
625 2435 708 2498 enim
726 2434 910 2499 liberalitate
927 2434 1078 2498 devinxe-

41 2538 104 2606 rat,
123 2529 230 2615 plures
249 2529 342 2596 etiam
356 2550 452 2614 opera
469 2529 587 2593 forensi
606 2550 680 2594 suos
698 2528 885 2592 reddiderat.
913 2549 1008 2611 quare
1021 2529 1077 2594 fie—
1095 2549 1110 2596 5

44 2624 115 2702 bat,
138 2632 174 2688 ut
192 2623 333 2688 omnium
351 2623 473 2699 oculos,
496 2622 757 2705 quotiescumque
774 2623 808 2686 in
824 2621 988 2706 publicum
1004 2644 1077 2705 pro-

46 2718 161 2794 disset,
184 2716 226 2782 ad
244 2737 279 2782 se
297 2725 505 2792 converteret,
524 2736 626 2798 neque
644 2715 673 2778 ei
690 2737 748 2799 par
765 2715 933 2798 quisquam
950 2714 984 2796 in
1002 2715 1077 2778 civi-

44 2818 110 2874 tate
132 2819 311 2894 poneretur.
338 2810 444 2892 itaque
469 2830 534 2874 non
557 2808 659 2872 solum
682 2829 771 2892 spem
797 2808 831 2870 in
852 2829 890 2872 eo
917 2805 1076 2872 habebant

44 2903 232 2979 maximam,
255 2902 313 2967 sed
331 2903 425 2968 etiam
442 2901 599 2978 timorem,
623 2901 708 2984 quod
726 2910 758 2965 et
776 2900 889 2966 obesse
905 2901 1077 2986 plurimum

46 3005 80 3058 et
96 2997 244 3078 prodesse
261 3018 303 3081 po
304 3005 393 3060 t.erat
428 2993 654 3080 aspergebatur
671 2995 766 3060 etiam
784 2996 923 3071 infamia,
943 2995 1050 3077 quod
1041 3003 1083 3057 rn'
1094 3017 1108 3063 a

48 3089 145 3152 domo
163 3112 220 3154 sua
235 3091 338 3156 facere
356 3091 507 3176 mysteria
520 3089 644 3154 dicebat
631 3098 691 3165 t,ur
706 3089 792 3169 quod
804 3089 895 3150 nefas
910 3096 976 3151 erat
989 3107 1076 3150 more

45 3167 303 3263 Atheniensium,
326 3185 422 3268 idque
444 3206 508 3250 non
525 3184 566 3248 ad
583 3181 776 3266 religionem,
801 3179 857 3243 sed
875 3178 916 3242 ad
933 3178 1076 3242 coniura-

46 3276 165 3341 tionem
181 3279 336 3362 pertinere
355 3278 436 3344 exist
424 3276 601 3342 timebatur.

97 3369 155 3435 IV.
182 3371 258 3436 Hoc
271 3372 399 3436 crimine
412 3372 446 3435 in
459 3392 519 3436 con
520 3371 603 3436 tione
617 3367 679 3434 ab
671 3366 804 3432 mimicis
819 3363 1027 3452 compellabat
1027 3386 1073 3428 ur.
1095 3387 1107 3433 1

46 3462 130 3526 sed
120 3473 184 3528 urst
172 3464 289 3530 tabatt
276 3474 400 3552 tempus
419 3465 461 3530 ad
482 3462 600 3529 bellum
617 3461 844 3550 proficiscendi.
871 3460 905 3524 id
921 3459 1000 3524 ille
991 3469 1075 3524 mtu-

45 3578 101 3622 ens
119 3579 223 3667 neque
241 3560 390 3646 ignorans
409 3559 525 3624 civium
544 3579 672 3622 snorum
690 3565 820 3620 consuet
808 3554 948 3620 tudinem
965 3547 1076 3640 postu-

44 3648 140 3728 labat,
160 3651 188 3716 si
206 3653 284 3736 quid
301 3654 341 3718 de
360 3674 393 3718 se
408 3675 461 3739 agr
450 3651 603 3730 vellent,
621 3650 726 3737 potius
745 3651 785 3716 de
797 3658 948 3759 praesent
948 3671 966 3712 e
979 3668 1076 3730 quae-

44 3743 105 3808 stio
121 3744 300 3856 haberetur,
319 3769 414 3831 quam
432 3746 547 3812 absens
564 3745 700 3810 invidiae
719 3744 847 3810 crimine
865 3748 1073 3808 accusaretur.

41 3837 163 3904 inimici
176 3863 252 3906 vero
262 3841 330 3906 eius
344 3840 591 3925 quiescendum'
582 3839 790 3926 mpraesenti,
804 3837 880 3921 quia
891 3832 998 3899 noceri
1010 3854 1073 3896 non
1092 3851 1107 3898 2

41 3950 141 4014 posse
157 3933 387 4021 intelligebant,
411 3944 443 3999 et
459 3935 538 4000 illud
559 3945 685 4020 tempus
703 3928 950 4016 exspectandum
967 3927 1075 3992 decre-

41 4035 171 4104 verunt,
198 4050 262 4114 quo
285 4030 415 4108 exisset,
442 4039 478 4095 ut
500 4029 662 4096 absentem
685 4024 942 4112 aggrederentur3
968 4022 1074 4108 itaque
