2732 4722
279 269 322 336 ιι
609 270 795 331 CORNELII
807 269 970 330 NEPOTIS

280 417 377 472 sares,
396 391 482 476 quod
495 399 527 456 et
539 409 636 456 manu
652 387 743 454 fortis
762 395 793 452 et
809 385 893 452 bello
907 395 1052 452 ιιιιιιιιιιι
1066 393 1098 450 ιι
1114 406 1183 472 regr
1172 358 1327 450 multis

279 489 357 556 locis
375 485 477 552 fidelis
495 493 561 550 erat
577 491 734 567 repertus,
752 479 862 546 habuit
879 479 1073 564 provinciam
1089 488 1212 564 partem
1230 478 1303 544 Cili-

246 603 262 651 a
281 583 347 648 ciac
365 581 454 646 iuxta
468 576 713 664 Cappadociam,
731 596 827 658 quam
844 573 1179 658 incoluntLeucosyri.
1206 572 1328 640 Data-

280 697 348 742 mes
366 673 498 740 militare
515 693 630 736 munus
644 669 781 755 fungens
795 667 940 752 primum,
958 667 1060 752 qualis
1074 677 1167 744 esset,
1187 669 1305 752 aperuit

280 771 314 836 in
330 768 423 846 bello,
441 765 527 850 quod
543 787 600 830 rex
616 763 768 830 adversus
788 760 944 828 Cadusios
962 761 1072 849 gessit
1102 783 1239 845 namque
1258 763 1305 827 hio

280 863 387 930 multis
405 860 531 926 milibus
548 858 707 944 regiorum
724 856 894 922 interfectis
912 857 1021 942 magni
1038 856 1099 921 fuit
1116 857 1183 920 eius
1203 879 1305 941 opera.

280 979 345 1040 quo
362 955 551 1029 factumest,
572 947 647 1036 [ut]
667 971 739 1016 cum
752 950 833 1016 ineo
845 949 928 1016 bello
943 950 1107 1016 cecidisset
1117 948 1305 1027 Camisares,

281 1059 411 1136 paterna
428 1047 458 1114 ei
474 1055 510 1112 ut
527 1046 701 1110 traderetur
716 1043 887 1130 provincia.

249 1165 262 1211 1
331 1142 376 1208 11.
403 1140 479 1206 Pari
497 1161 531 1205 se
545 1140 660 1204 virtute
672 1137 948 1224 posteapraebuit,
968 1160 1040 1204 cum
1049 1137 1306 1222 Autophrodates

282 1236 373 1300 iussu
380 1235 465 1321 regis
475 1233 559 1300 bello
568 1243 808 1319 persequeretur
817 1255 882 1311 eos,
897 1233 953 1317 qui
961 1232 1149 1298 defecerant.
1172 1255 1308 1318 namque

281 1329 375 1394 huius
397 1351 493 1414 opera
509 1327 632 1404 hostes,
656 1349 729 1392 cum
751 1335 854 1392 castra
870 1327 934 1392 iam
950 1327 1132 1404 intrassent,
1151 1327 1309 1412 profligati
1331 1350 1332 1374 ι

283 1433 366 1502 sunt,
385 1423 601 1506 exercitusque
622 1421 760 1505 reliquus
775 1429 977 1486 conservatus
995 1420 1080 1506 regis
1098 1430 1156 1486 est.
1183 1441 1246 1503 qua
1270 1443 1311 1483 ex

248 1539 264 1586 a
282 1539 316 1582 re
329 1516 500 1582 maioribus
513 1515 607 1579 rebus
621 1536 768 1598 praeesse
782 1514 893 1599 coepit.
921 1523 987 1580 erat
1001 1536 1038 1580 eo
1047 1524 1187 1598 tempore
1197 1513 1310 1598 Thuys

283 1612 432 1694 dynastes
441 1607 686 1691 Paphlagoniae,
707 1609 835 1690 antiquo
852 1630 977 1693 genere,
988 1617 1074 1674 ortus
1089 1608 1311 1694 aPylaemene

281 1703 350 1778 illo,
373 1722 467 1783 quem
484 1698 644 1762 Homerus
663 1698 778 1764 Troico
801 1700 883 1764 bello
905 1724 925 1766 a
941 1701 1089 1768 Patroclo
1110 1702 1157 1766 int
1157 1702 1312 1766 arfactum

248 1818 265 1865 a
283 1794 335 1858 ait.
362 1793 390 1858 is
403 1813 471 1878 regi
461 1791 568 1853 'dicto
581 1789 712 1854 audiens
727 1812 791 1854 non
804 1801 878 1856 erat.
906 1814 1002 1873 quam
1012 1795 1052 1860 ob
1067 1817 1213 1860 caussam
1226 1795 1313 1860 bello
1333 1746 1334 1828 l

283 1909 355 1950 cum
372 1882 518 1967 persequi
536 1881 704 1958 constituit,
723 1882 814 1963 eique
831 1905 877 1946 rer
868 1883 1045 1966 praefecit
1053 1887 1223 1966 Datamen,
1239 1911 1335 1978 pro·

281 1977 434 2061 pinquum
450 1973 679 2059 Paphlagonis·
706 1995 841 2056 namque
863 1996 903 2038 ex
924 1974 1075 2040 fratreet
1062 1987 1203 2045 tsorore
1221 1991 1319 2046 erant

246 2103 251 2110 ·
281 2069 356 2134 ιιιιι.
384 2090 480 2152 quam
497 2066 537 2132 ob
555 2089 701 2132 caussam
718 2067 871 2132 Datames
894 2068 1030 2154 primum
1048 2071 1181 2153 experiri
1198 2075 1320 2151 voluit,

282 2173 318 2228 ut
336 2163 404 2228 sine
422 2161 516 2228 armis
534 2161 745 2270 propinquum
759 2162 800 2226 ad
813 2161 952 2226 cilicium
964 2162 1135 2228 reduceret.
1148 2163 1200 2227 ad
1212 2184 1322 2245 quem

283 2279 357 2324 cum
373 2257 512 2322 venisset
529 2256 596 2321 sine
613 2256 779 2364 praesidio,
799 2255 884 2338 quod
901 2254 940 2319 ab
955 2256 1055 2320 amico
1067 2255 1169 2320 ιιιιιιιι
1187 2277 1320 2322 ιιιιιι-

250 2362 335 2423 stur
284 2351 499 2426 tinsidias,
523 2372 622 2434 paene
644 2351 679 2414 ιιι
678 2350 768 2414 teriit.
797 2373 871 2414 nam
889 2349 1000 2433 Thuys
1024 2371 1096 2414 eum
1114 2348 1225 2414 clam
1216 2359 1317 2416 mter·
1336 2340 1337 2428 l

283 2444 376 2506 ficere
393 2443 501 2506 voluit.
480 2452 600 2506 terat
616 2452 682 2506 mat
683 2465 717 2506 er
734 2464 806 2506 cum
815 2442 882 2506 Dat
870 2452 962 2519 t,ame
981 2443 1077 2508 amita
1085 2441 1314 2529 Paphlagonis.

249 2560 267 2613 ι
286 2557 333 2612 ea,
351 2535 427 2618 quid
444 2543 597 2620 ageretur,
616 2535 721 2598 resciit
733 2534 894 2616 liliumque
912 2536 1041 2600 monuit.
1069 2536 1121 2601 ille
1134 2536 1213 2622 fuga
1229 2538 1315 2620 peri·

285 2628 391 2694 culum
409 2628 537 2693 evitavit
553 2626 733 2710 bellumque
751 2627 865 2692 indixit
882 2628 1019 2712 Thuyni.
1048 2629 1081 2692 in
1098 2651 1162 2712 quo
1180 2651 1256 2694 cum
1275 2629 1313 2694 ab

284 2722 514 2800 Ariobarzane,
537 2721 696 2807 praefecto
713 2722 839 2805 Lydiae
857 2731 889 2786 et
905 2722 1013 2786 Ioniae
1032 2723 1191 2806 totiusque
1207 2723 1313 2807 Phry-

284 2817 366 2900 giae,
385 2816 527 2880 desertus
543 2825 635 2891 esset,
654 2815 752 2880 nihilo
771 2816 899 2901 segnius
916 2817 1129 2902 perseveravit
1141 2817 1311 2900 vivumque

286 2907 404 2990 Thuyn
421 2908 504 2990 cepit
521 2929 593 2972 cum
611 2918 759 2973 uxoreet
746 2909 891 2976 tliberis.

253 3019 267 3065 1
337 2998 400 3066 HL
434 2998 534 3065 Cuius
557 3000 634 3066 facti
655 3024 696 3066 ne
717 3002 804 3087 prius
826 3003 913 3068 fama
934 3003 975 3068 ad
996 3025 1105 3111 regem
1126 3025 1222 3111 quam
1243 3004 1310 3088 ipse

199 3086 206 3095 ’
285 3093 475 3182 perveniret,
449 3095 585 3158 tdedit
573 3104 739 3180 toperam.
770 3096 875 3179 itaque
893 3096 1065 3162 omnibus
1056 3097 1164 3162 insciis
1182 3119 1233 3173 eo,
1258 3096 1311 3160 ubi

286 3197 353 3254 crat
369 3211 439 3266 rex,
463 3187 548 3252 venit
569 3198 642 3273 post
643 3211 758 3272 eroque
780 3190 831 3254 die
850 3190 980 3275 Thuyn,
1003 3177 1162 3256 huminem
1183 3188 1311 3254 maximi

286 3283 426 3368 corporis
449 3281 639 3364 terribilique
662 3283 756 3364 facie,
776 3284 915 3364 quodet
931 3284 1070 3368 uigeret
1087 3283 1200 3370 capillo
1215 3283 1308 3366 longo

286 3376 446 3458 barbaque
465 3383 532 3438 erat
552 3374 722 3456 promissa,
746 3375 864 3457 optima
880 3385 969 3440 veste
987 3377 1077 3454 texit,
1101 3399 1197 3460 quam
1214 3384 1310 3440 satra-

286 3489 346 3550 pae
367 3467 447 3550 regii
468 3487 577 3551 gerere
598 3475 801 3542 consuerant,
828 3489 924 3532 ornat
925 3468 949 3531 rt
971 3469 1065 3534 etiam
1087 3480 1196 3553 torque
1218 3479 1310 3552 atque

252 3577 269 3623 2
288 3556 416 3621 armillis
435 3560 537 3621 aureis
556 3567 721 3641 ceteroque
742 3561 830 3646 regio
848 3562 1044 3647 cultu31pse
1061 3565 1178 3649 agresti
1195 3561 1310 3648 duplici

287 3648 422 3715 amiculo
440 3649 650 3716 circumdatus
667 3653 841 3736 hirtaquet
842 3655 943 3732 unica,
962 3679 1074 3742 gerens
1092 3658 1125 3720 in
1138 3658 1239 3742 capite
1258 3680 1310 3742 ga·

286 3744 370 3810 leam
387 3744 594 3823 venatoriam,
617 3746 728 3811 dextra
745 3771 841 3812 manu
859 3749 989 3826 clavam,
1014 3751 1139 3816 sinistra
1157 3751 1309 3835 copulam,

287 3860 351 3922 qua
359 3838 444 3902 vinct
445 3861 499 3902 um
516 3849 588 3906 ante
606 3862 641 3906 se
651 3841 818 3927 Thuynem
831 3842 954 3928 agebat,
972 3852 1008 3907 ut
1022 3843 1162 3910 sisaram
1178 3843 1310 3910 bestiam

255 3947 271 3995 ι
289 3943 412 4018 captam
434 3936 571 4002 duceret
607 3959 702 4022 quem
724 3959 797 4002 cum
819 3961 927 4002 omnes
950 3939 1165 4023 conspicerent
1185 3947 1310 4025 propter

288 4027 459 4096 novitatem
480 4041 607 4099 ornatus
630 4033 834 4118 ignotamque
856 4031 1003 4112 sormam,
1031 4031 1072 4100 ob
1094 4055 1227 4119 eamque
1244 4053 1310 4099 rem
