2732 4722
268 285 309 348 16
601 292 784 349 CORNELII
797 291 959 352 NEPOTIS

266 407 422 495 repentini
438 407 569 472 consilii.
604 406 679 472 huic
699 407 765 484 ille,
789 409 864 490 quid
886 431 926 473 ex
946 409 1055 497 litteris
1080 411 1296 495 comperisset,

233 527 249 575 6
268 503 375 587 aperit.
406 501 501 566 modo
522 500 625 586 magis
647 501 822 564 Pausanias
843 501 1042 585 perturbatus
1065 525 1154 568 orare
1179 507 1296 590 coepit,

265 619 306 662 ne
333 596 507 659 enuntiaret
532 615 592 658 nec
614 615 649 658 se
675 594 820 657 meritum
846 595 885 658 de
911 595 965 659 illo
992 597 1107 680 optime
1133 599 1295 680 proderetr

193 698 197 707 '
266 689 379 773 quodsi
397 710 467 753 eam
484 688 608 752 veniam
626 685 686 750 sibi
704 687 842 750 dedisset
860 689 1016 771 tantisque
1033 689 1225 774 implicatum
1243 714 1296 757 re-

265 782 326 848 bus
345 781 550 858 sublevasset,
569 801 684 864 magno
702 779 731 842 ei
748 779 886 864 praemio
904 780 1054 845 futurum.

233 900 247 946 1
316 875 358 942 V.
386 874 448 941 His
466 873 560 938 rebus
579 873 688 957 ephori
706 874 838 959 cognitis
862 875 959 940 satius
977 885 1140 968 putarunt,
1163 878 1196 941 in
1212 879 1295 944 urbe

266 993 339 1035 eum
357 965 586 1053 comprehendi.
613 986 676 1048 quo
694 987 767 1029 cum
784 975 890 1032 essent
906 968 1047 1052 profecti,
1067 979 1098 1033 et
1115 969 1293 1037 Pausanias

265 1065 390 1148 placato
406 1060 545 1146 Argilio,
568 1067 604 1122 ut
625 1058 766 1144 putabat,
784 1059 1057 1126 Lacedaemonem
1074 1073 1292 1143 reverteretur,

264 1158 298 1221 in
314 1157 437 1231 itinere,
456 1175 528 1218 cum
545 1153 609 1217 iam
626 1153 660 1216 in
677 1175 715 1218 eo
732 1162 830 1230 esset,
848 1164 884 1217 ut
901 1155 1225 1240 comprehenderetur,
1251 1180 1295 1222 ex

264 1249 354 1313 vultu
371 1248 536 1312 cuiusdam
554 1247 670 1333 ephori,
690 1247 744 1329 qui
762 1269 835 1310 eum
852 1248 1014 1312 admoneri
1032 1249 1190 1334 cupiebat,
1212 1250 1295 1316 insi-

231 1363 246 1411 2
265 1343 333 1408 dias
348 1341 409 1407 sibi
422 1341 489 1406 fieri
502 1341 668 1405 intellexit'
688 1340 794 1422 itaque
806 1340 915 1425 paucis
929 1349 1001 1406 ante
1014 1341 1175 1427 gradibus,
1193 1364 1295 1425 quam

264 1437 319 1521 qui
337 1459 409 1502 eum
428 1434 645 1519 sequebantur,
663 1432 697 1495 in
714 1434 825 1497 aedem
837 1433 1010 1513 Minervae,
1029 1457 1110 1519 qnae
1125 1435 1296 1502 Chalcioe-

265 1553 319 1596 cos
337 1539 475 1605 vocatur,
494 1526 645 1611 confugit.
672 1525 802 1591 hincne
820 1529 905 1592 exire
921 1539 1038 1613 posset,
1058 1530 1163 1593 statim
1180 1529 1297 1614 ephori

263 1625 372 1688 valvas
395 1623 463 1686 eius
486 1619 572 1684 aedis
595 1618 820 1686 obstruxerunt
839 1632 1019 1705 tectumque
1042 1631 1115 1687 sunt
1137 1621 1293 1698 demoliti,

230 1737 245 1784 3
265 1737 327 1799 quo
349 1714 480 1778 celerius
504 1712 563 1778 sub
587 1712 659 1776 divo
681 1713 828 1778 interiret.
856 1712 982 1793 dicitur,
1006 1738 1044 1780 eo
1061 1725 1201 1800 tempore
1221 1737 1297 1779 ma-
1352 1739 1353 1746 ¹

262 1819 342 1874 trem
349 1807 527 1872 Pausaniae
541 1805 658 1870 vixisse
671 1827 803 1889 eamque
816 1807 880 1870 iam
892 1829 1008 1894 magno
1021 1819 1106 1885 natu,
1119 1809 1298 1893 postquam

263 1903 303 1968 de
321 1901 438 1967 scelere
455 1901 511 1964 filii
529 1899 693 1984 comperit,
715 1899 749 1962 in
765 1899 874 1983 primis
897 1901 938 1964 ad
958 1901 1057 1964 filium
1079 1901 1298 1966 claudendum

228 2017 245 2064 4
262 1995 399 2081 lapidem
421 1994 461 2059 ad
482 1993 641 2059 introitum
664 1991 750 2057 aedis
774 1992 923 2057 attulisse.
957 1993 1002 2056 sic
1023 1992 1199 2056 Pausanias
1220 2017 1301 2058 ma-

262 2112 359 2176 gnam
376 2088 451 2153 belli
467 2087 600 2177 gloriam
618 2085 702 2170 turpi
718 2093 817 2150 morte
834 2085 1011 2150 maculavit.
1038 2084 1090 2148 hic
1103 2105 1175 2148 cum
1193 2087 1299 2149 semi-

262 2183 375 2248 animis
394 2182 433 2246 de
451 2180 568 2266 templo
586 2179 686 2246 elatus
704 2188 798 2256 esset,
817 2179 982 2243 confestim
1004 2179 1139 2243 animam
1157 2176 1295 2240 efflavit.

229 2299 244 2347 o
264 2278 353 2342 cuius
375 2275 490 2341 mortui
512 2295 626 2360 corpus
649 2295 721 2337 cum
739 2272 851 2337 eodem
867 2271 1009 2336 nonnulli
1026 2271 1163 2334 dicerent
1179 2267 1299 2333 inferri
1354 2350 1355 2358 ἵ

263 2380 414 2454 oportere,
434 2369 550 2451 quoii,
570 2369 624 2451 qui
642 2368 682 2431 ad
701 2367 888 2452 supplicium
906 2374 1011 2431 essent
1029 2364 1107 2441 dati,
1130 2361 1298 2447 displicuit

263 2461 417 2546 pluribus,
436 2469 467 2523 et
479 2461 589 2544 procul
602 2460 642 2523 ab
652 2482 690 2522 eo
703 2461 772 2524 loco
781 2461 970 2536 infoderunt,
991 2481 1054 2542 quo
1068 2466 1134 2522 erat
1146 2463 1295 2523 mortuus

261 2554 334 2618 inde
351 2552 666 2638 posteriusDclphici
682 2573 835 2635 responso
853 2551 959 2616 erutus
978 2562 1071 2635 atque
1089 2551 1201 2615 eodem
1217 2549 1295 2615 loco

261 2647 403 2733 sepultus
423 2644 512 2733 [est],
531 2645 586 2710 ubi
603 2645 700 2710 vitam
717 2655 873 2740 posuerat.

638 2863 679 2930 v.
718 2863 934 2950 cruos„

228 3041 241 3088 1
312 3020 340 3086 Ι.
369 3019 493 3097 Cimon,
508 3017 661 3086 Miltiadis
679 3018 773 3097 filius,
787 3017 1001 3098 Atheniensis,
1021 3019 1099 3084 duro
1117 3017 1291 3084 admodum

260 3116 348 3182 initio
370 3137 448 3181 usus
471 3123 519 3180 est
541 3113 779 3180 adolescentiae.
813 3139 888 3180 nam
910 3137 982 3179 cum
1002 3123 1092 3200 pater
1109 3114 1176 3179 eins
1198 3113 1293 3179 litem

262 3211 459 3276 aestimatam
471 3209 588 3295 populo
606 3209 728 3274 solvere
745 3231 809 3274 non
825 3209 980 3294 potuisset
992 3208 1033 3272 ob
1051 3230 1183 3293 eamque
1196 3229 1295 3273 caus-

261 3327 329 3369 sam
345 3305 380 3368 in
395 3303 507 3367 vinclis
524 3301 659 3385 publicis
677 3302 873 3377 decessisset,
889 3299 1004 3365 Cimon
1021 3302 1131 3366 eadem
1145 3302 1295 3366 custodia

259 3397 432 3471 tenebatur,
449 3414 552 3475 neque
569 3392 693 3477 legibus
703 3391 950 3458 Atheniensibus
965 3395 1063 3459 emitti
1077 3403 1207 3481 poterat,
1224 3396 1295 3461 nisi

226 3488 439 3574 apecuniam,
467 3507 531 3568 qua
555 3494 645 3570 pater
669 3485 820 3551 multatus
847 3495 926 3565 erat,
954 3488 1110 3554 solvisset.
1149 3487 1294 3554 habebat

173 3607 182 3635 ι
260 3587 365 3643 autem
386 3577 420 3640 in
441 3579 638 3643 matrimonio
661 3601 800 3644 sororem
824 3602 1006 3666 germanam
1028 3605 1132 3662 suam,
1159 3582 1292 3648 nomine

259 3673 436 3758 Elpinicen,
456 3695 520 3738 non
537 3673 639 3760 magis
658 3695 763 3739 amore
781 3695 875 3757 quam
892 3697 979 3740 more
996 3677 1120 3742 ductus.
1147 3697 1291 3760 namque

226 3787 242 3836 a
261 3765 509 3832 Atheniensibus
527 3766 599 3831 licet
612 3767 723 3832 eodem
740 3777 828 3853 patre
845 3777 934 3834 natas
948 3791 1062 3834 uxores
1076 3770 1200 3834 ducere.
1225 3769 1292 3833 hu-

258 3862 308 3926 ius
330 3861 468 3947 coniugii
489 3861 622 3946 cupidus
641 3860 759 3928 Callias
777 3862 919 3946 quidam,
941 3885 1006 3928 non
1027 3873 1092 3929 tam
1109 3884 1287 3950 generosus

259 3975 353 4038 quam
370 3956 572 4039 pecuniosus,
595 3955 650 4040 qui
667 3979 798 4044 magnas
820 3957 969 4042 pecunias
988 3979 1028 4022 ex
1048 3957 1182 4022 metallis
1200 3957 1291 4021 sece-

258 4056 320 4127 rat,
348 4049 412 4133 egit
434 4070 507 4116 cum
525 4049 672 4130 Cimone,
694 4061 730 4155 pt
752 4073 822 4117 eam
844 4051 905 4116 sibi
926 4073 1055 4118 uxorem
1077 4051 1178 4118 daret:
1204 4049 1240 4115 id
1258 4050 1290 4116 si
