2758 4726
315 233 358 300 88
652 237 837 296 cosman
850 236 1012 294 sarens

312 349 377 438 peii
398 349 509 414 eaSln's
532 345 731 414 concesserit.
767 343 813 410 sic
835 353 941 410 vetere
961 342 1103 408 instituto
1126 343 1209 410 vitae
1231 345 1332 433 effirg'e

311 465 396 510 nova
411 441 561 528 pericula.

280 567 294 615 1
365 536 460 602 VIII.
490 534 644 602 Secutum
661 543 710 600 est
730 533 809 598 illud
826 533 931 599 occiso
951 531 1101 610 Caesare,
1125 553 1199 598 cum
1215 555 1267 600 res
1282 557 1334 620 pu·

312 631 396 698 blica
412 653 510 718 penes
528 631 646 696 Brutos
664 627 822 704 videretur
839 649 911 694 esse
929 636 960 692 et
979 625 1137 706 Cassium,
1160 649 1198 692 ac
1215 637 1283 694 tota
1298 631 1333 693 ci·

280 753 295 800 2
314 726 395 791 vitas
414 747 449 790 se
466 726 508 791 ad
526 747 580 790 eos
604 723 796 790 convertisse
814 722 981 788 videretur.
1014 722 1060 787 sic
1077 721 1125 787 M.
1143 723 1247 790 Bruto
1264 745 1332 788 usus

314 829 372 898 est,
395 819 533 885 utnulla
550 818 603 884 ille
621 817 804 884 adolescens
823 815 946 900 aequali
963 815 1148 882 familiarius
1166 839 1267 902 quam
1282 818 1333 883 hoc

314 936 403 992 sene,
425 935 527 998 neque
550 912 653 977 solum
675 933 748 976 eum
769 910 944 997 principem
966 910 1090 976 consilii
1109 911 1259 990 haberet,
1287 913 1334 978 sed

281 1033 296 1081 3
316 1007 410 1073 etiam
430 1007 465 1072 in
481 1006 636 1072 convictu.
669 1006 882 1091 excogitatum
900 1013 948 1070 est
965 1027 985 1070 a
1001 1004 1202 1089 quibusdam,
1227 1016 1265 1072 ut
1280 1007 1335 1092 pri·

314 1111 422 1167 vatum
439 1099 595 1166 aerarium
614 1097 761 1164 Caesada
778 1098 1031 1164 interfectoribus
1050 1098 1090 1164 ab
1109 1099 1269 1182 equitibus
1278 1099 1335 1164 Ro

313 1195 415 1258 manis
438 1194 688 1260 constitueretur.
719 1194 752 1258 id
769 1193 862 1257 facile
876 1192 965 1258 effici
985 1215 1080 1280 posse
1099 1192 1241 1259 arbitrati
1259 1203 1336 1268 sunt,

315 1288 343 1354 si
362 1285 422 1374 [et]
441 1288 599 1374 principes
613 1289 681 1353 eius
695 1287 812 1353 ordinis
830 1288 980 1374 pecunias
995 1287 1209 1353 contulissent.
1234 1289 1337 1370 itaque
1361 1323 1362 1334 .

314 1382 490 1468 appellatus
509 1392 558 1448 est
575 1382 642 1449 aO.
651 1383 773 1460 Flavio,
787 1381 879 1447 Bruti
895 1381 1050 1458 familiari,
1064 1379 1202 1460 Atticus,
1220 1391 1257 1447 ut
1274 1381 1336 1444 eius

280 1479 361 1548 arei
382 1478 528 1563 princeps
552 1499 623 1543 esse
644 1479 747 1542 vellet.
783 1487 815 1541 at
836 1477 902 1554 ille,
926 1477 980 1561 qui
998 1476 1104 1542 officia
1121 1478 1231 1542 amicis
1253 1496 1337 1562 prac-

315 1571 428 1636 standa
449 1571 517 1634 sine
544 1570 680 1634 factione
703 1569 895 1635 existimaret
918 1592 1103 1656 semperque
1125 1593 1146 1634 a
1167 1570 1286 1635 talibus
1307 1588 1337 1630 se

314 1663 452 1726 consiliis
470 1662 664 1737 removisset,
682 1663 858 1746 respondit:
878 1663 906 1728 si
923 1664 1000 1747 quid
1017 1665 1137 1728 Brutus
1151 1665 1192 1728 de
1210 1664 1279 1728 suis
1297 1660 1339 1724 fa·

314 1755 482 1820 cultatibus
501 1756 547 1819 uti
564 1755 725 1830 voluisset,
745 1776 885 1831 usurum,
904 1767 1055 1838 quantum
1069 1758 1129 1822 hae
1146 1766 1339 1841 paterentur

314 1849 371 1912 sed
395 1869 497 1928 neque
524 1869 595 1910 cum
622 1867 782 1928 quoquam
808 1848 848 1910 de
870 1868 907 1910 ea
928 1870 963 1910 re
986 1849 1214 1913 collocuturum
1235 1868 1340 1933 neque

312 1940 476 2002 coiturum.
504 1937 550 2000 sic
566 1937 619 2001 ille
633 1938 848 2002 consensionis
866 1937 979 2023 globus
998 1939 1091 2002 huius
1104 1941 1198 2002 unius
1216 1941 1345 2006 dissen-

278 2056 294 2102 5
312 2030 399 2094 sione
418 2030 567 2096 disiectus
587 2041 644 2097 est..
671 2053 773 2116 neque
790 2032 889 2096 multo
906 2041 979 2117 post
997 2032 1138 2117 superior
1150 2053 1222 2097 esse
1235 2035 1345 2118 coepit

311 2123 486 2204 Antonius,
512 2126 557 2190 ita
581 2135 618 2190 ut
634 2125 753 2190 Brutus
776 2135 809 2190 et
827 2125 960 2192 Cassius
983 2126 1230 2211 provinciarum,
1260 2147 1343 2210 quae

311 2218 361 2284 his
380 2219 458 2284 diois
477 2241 591 2286 caussa
608 2221 699 2285 datae
717 2229 805 2284 erant
822 2243 842 2284 a
859 2219 1035 2286 consule...
1054 2219 1227 2305 desperatis
1244 2219 1338 2284 rebus

278 2314 345 2384 ein
364 2314 492 2378 exilium
514 2311 793 2400 proficiscerentur.
826 2312 967 2392 Atticus,
990 2314 1045 2398 qui
1061 2313 1228 2399 pecuniam
1247 2313 1336 2378 simul

312 2429 386 2470 cum
408 2407 518 2471 ceteris
542 2409 683 2472 conferre
710 2409 853 2472 noluerat
879 2407 1002 2473 florenti
1027 2406 1073 2472 illi
1093 2407 1189 2493 parti,
1217 2404 1335 2472 abiecto

311 2499 412 2563 Bruto
433 2499 588 2583 Italiaque
610 2501 734 2564 cedenti
755 2499 817 2565 HS
840 2510 966 2565 centum
988 2501 1074 2565 milia
1095 2499 1219 2565 muneri
1245 2499 1332 2564 misit.

230 2625 235 2630 ·
312 2593 414 2658 eidem
430 2593 465 2657 in
481 2591 581 2678 Epiro
599 2593 713 2658 absens
732 2604 870 2658 trecenta
886 2594 980 2660 iussit
997 2594 1078 2674 dari,
1096 2616 1200 2678 neque
1218 2616 1258 2659 eo
1275 2617 1332 2658 ma·
1362 2665 1363 2684 χ

311 2688 362 2774 gis
379 2687 500 2772 potenti
517 2687 662 2752 adulatus
681 2697 730 2752 est
738 2686 878 2753 Antonio
892 2709 995 2771 neque
1008 2688 1191 2774 desperatos
1203 2687 1331 2772 reliquit

279 2801 293 2847 1
364 2780 427 2844 IX.
460 2779 613 2846 Secutum
635 2791 684 2846 est
709 2781 827 2846 bellum
853 2793 979 2868 gestum
1001 2781 1086 2867 apud
1102 2780 1273 2848 Mutinam.
1303 2781 1330 2844 in

312 2895 375 2956 quo
389 2874 546 2937 sitantum
556 2896 628 2938 eum
640 2876 826 2960 prudentem
836 2877 947 2954 dicam,
961 2877 1076 2954 minus,
1091 2898 1187 2960 quam
1195 2877 1326 2948 debeam,

311 2967 500 3052 praedicem,
519 2989 592 3032 cum
608 2968 661 3033 ille
678 2969 784 3054 potius
803 2971 928 3036 divinus
946 2970 1049 3048 fuerit,
1068 2970 1097 3035 si
1114 2970 1267 3036 divinatio
1283 2990 1329 3053 ap-

311 3061 515 3146 pellanda-cst
526 3073 678 3149 perpetua
691 3064 841 3129 naturalis
855 3064 989 3142 bonitas,
1008 3086 1089 3148 quae
1102 3065 1197 3130 nullis
1212 3065 1329 3130 casibus

278 3175 293 3222 2
312 3156 416 3241 agitur
436 3179 539 3241 neque
565 3158 725 3222 minuitur.
760 3157 860 3224 hostis
883 3157 1044 3225 Antonius
1065 3159 1222 3224 iudicatus
1244 3155 1327 3222 Italia

311 3261 462 3329 cesserat3
486 3272 559 3335 spes
581 3251 767 3316 restituendi
792 3253 878 3316 nulla
900 3261 975 3317 erat.
1006 3274 1071 3316 non
1089 3251 1191 3317 solum
1208 3247 1323 3322 inimici,

311 3343 366 3426 qui
383 3353 451 3408 tum
468 3352 556 3406 erant
577 3345 788 3428 potentissimi
805 3355 836 3410 et
857 3344 997 3429 plurimi,
1022 3345 1079 3409 sed
1097 3346 1192 3411 etiam
1208 3344 1263 3430 qui
1278 3340 1327 3408 ad·

310 3436 456 3500 versariis
475 3435 542 3502 eius
561 3460 595 3502 se
613 3439 732 3506 dabant
748 3448 779 3503 et
796 3439 830 3502 in
847 3459 884 3501 eo
901 3437 1054 3502 laedendo
1072 3439 1210 3524 aliquam
1228 3455 1328 3504 conse-

310 3535 437 3592 cuturos
461 3530 630 3616 sperabant
652 3531 920 3608 commoditatem,
942 3528 1075 3598 Antonii
1097 3533 1267 3600 familiares
1285 3531 1326 3596 in-

311 3620 536 3706 sequebantur,
564 3647 695 3690 uxorem
720 3624 867 3690 Fulviam
899 3624 1044 3691 omnibus
1074 3620 1169 3694 rebus
1201 3626 1325 3714 spoliare

276 3715 492 3801 scupiebant,
519 3717 635 3784 liberos
658 3719 753 3784 etiam
775 3718 973 3806 exstinguere
999 3720 1160 3806 parabant.
1196 3721 1324 3792 Atticus,

309 3831 382 3876 cum
401 3809 563 3876 Ciceronis
584 3812 695 3876 intima
717 3811 927 3879 familiaritate
948 3822 1101 3893 uteretur,
1124 3815 1323 3882 amicissimus

308 3912 392 3968 esset
400 3903 510 3983 Bruto,
528 3927 592 3970 non
609 3905 704 3971 modo
721 3905 798 3970 nihil
815 3906 865 3973 his
882 3907 1012 3973 indulsit
1025 3908 1065 3973 ad
1074 3908 1251 3974 Antonium
1267 3905 1326 3972 vio-

305 3993 445 4076 landum,
464 3999 521 4064 sed
535 4021 553 4066 e
567 3999 721 4068 contrario
734 3999 904 4069 familiares
919 4001 986 4067 eius
1000 4024 1040 4069 ex
1056 4001 1134 4070 urbe
1151 4002 1325 4090 profugien-
