2732 4722
444 281 661 342 LYSANDER.
1022 281 1064 344 19

37 397 182 466 mularet.
208 419 343 482 namque
364 398 518 482 undique,
544 399 600 482 qui
616 397 858 467 Atheniensium
878 403 973 472 rebus
996 415 1097 477 stu-5

38 493 196 568 duissent,
220 491 326 556 eiectis
352 491 461 558 decem
482 490 642 577 delegerat
663 493 697 556 in
718 516 905 580 unaquaque
927 498 1062 577 civitate,

37 584 153 668 quibus
171 605 331 648 summum
351 579 518 670 imperium
534 594 786 670 potestatemque
804 589 943 654 omnium
959 612 1064 656 rerum

37 676 254 746 committeret.
280 677 394 742 horum
410 677 444 741 in
460 699 626 742 numerum
643 701 736 745 nemo
754 680 985 760 admittebatur,
1002 684 1065 748 nisi

37 771 94 856 qui
111 779 166 836 aut
187 770 254 834 eius
278 769 415 856 hospitio
437 771 647 836 contineretur
672 781 727 837 aut
749 795 783 839 se
804 773 889 842 illius
907 773 975 840 fore
991 797 1064 861 pro·

36 864 142 952 prium
158 861 220 926 fide
238 862 444 928 confirmarat.

89 955 135 1022 Π.
169 955 220 1020 Ita
238 955 436 1020 decemvirali
453 964 607 1041 potestate
624 957 658 1021 in
676 957 822 1022 omnibus
840 959 972 1026 urbibus
991 982 1065 1026 con·
1083 983 1097 1028 1

39 1050 147 1115 stituta
163 1048 263 1134 ipsius
281 1057 360 1113 nutu
373 1049 478 1114 omnia
494 1049 692 1135 gerebantur.
720 1051 810 1116 cuius
824 1052 864 1118 de
881 1053 1064 1120 crudelitate

39 1163 79 1207 ac
94 1141 223 1226 perfidia
241 1141 317 1206 satis
332 1150 489 1206 estunam
505 1164 572 1208 rem
586 1142 722 1226 exempli
738 1145 839 1229 gratia
854 1145 1005 1231 proferre,
1023 1170 1064 1210 ne

39 1235 80 1300 de
98 1235 209 1300 eodem
226 1234 317 1320 plura
335 1235 546 1300 enumerando
564 1234 774 1319 defatigemus
792 1237 932 1305 lectores.
963 1239 1063 1306 victor
1081 1262 1096 1308 2

39 1350 79 1392 ex
91 1326 172 1393 Asia
190 1349 263 1392 cum
279 1337 484 1392 reverteretur
497 1327 702 1410 Thasumque
720 1327 906 1406 divertisset,
925 1333 1011 1413 quod
1028 1355 1066 1396 ea

39 1421 149 1486 civitas
167 1420 336 1506 praecipua
351 1419 414 1484 fide
431 1419 535 1484 fuerat
552 1441 628 1505 erga
640 1417 862 1498 Athenienses,
881 1420 1012 1506 proinde
1029 1445 1066 1486 ac

39 1515 65 1579 si
90 1511 183 1600 [non]
207 1513 303 1578 iidem
328 1513 501 1578 firmissimi
523 1513 659 1578 solerent
681 1535 752 1578 esse
778 1513 884 1592 amici,
911 1515 966 1597 qui
993 1535 1067 1578 con-

39 1616 159 1672 stantes
178 1605 313 1672 fuissent
334 1606 462 1683 inimici,
480 1615 656 1692 pervertere
679 1628 749 1671 eam
772 1607 960 1691 concupivit.
989 1607 1066 1672 vidit
1085 1628 1100 1674 3

37 1710 155 1777 autem,
170 1700 232 1764 nisi
239 1701 273 1766 in
282 1722 320 1764 eo
334 1700 521 1766 occultasset
529 1700 731 1777 voluntatem,
745 1699 896 1777 futurum,
910 1710 946 1764 ut
955 1699 1066 1768 Thasii

37 1791 252 1858 dilaberentur
269 1793 526 1878 consulerentque
542 1793 638 1860 rebus
656 1795 732 1860 suis.
758 1793 864 1878 itaque
882 1792 924 1828 ”⁶

89 1885 152 1950 111.
189 1885 229 1920 *⁴*
246 1887 279 1950 hi
297 1887 535 1952 decemviralem
553 1911 643 1954 suam
659 1897 848 1974 potestatem
865 1888 978 1954 abillo
992 1911 1066 1955 con·
1085 1911 1098 1956 1

39 1978 181 2044 stitutam
199 1979 399 2044 sustulerunt.
426 2003 489 2066 quo
503 1981 610 2047 dolore
627 1983 776 2047 incensus
789 1982 859 2046 iniit
873 1983 1004 2048 consilia
1017 2006 1066 2048 re-

37 2093 96 2158 ges
114 2071 439 2138 Lacedaemoniorum
460 2073 578 2138 tollere.
611 2075 668 2139 sed
690 2074 858 2150 sentiebat,
884 2075 919 2138 id
941 2097 976 2139 se
998 2077 1066 2140 sine

39 2187 99 2249 ope
118 2165 248 2230 deorum
265 2166 370 2230 facere
387 2188 452 2230 non
468 2188 578 2249 posse,
596 2165 683 2248 quod
698 2165 946 2229 Lacedaemonii
962 2169 1068 2230 omnia

36 2257 81 2322 ad
103 2257 230 2322 oracula
251 2257 368 2320 referre
390 2265 586 2320 consuerant.
621 2256 759 2341 primum
780 2255 973 2339 Delphicum
1000 2277 1100 2322 cor-2

33 2373 185 2436 rumpere
212 2360 261 2414 est
287 2359 427 2416 conatus.
465 2371 537 2414 cum
558 2349 592 2414 id
617 2373 681 2415 uon
706 2350 874 2435 potuisset,
896 2349 1069 2416 Dodonam

33 2446 169 2511 adortus
192 2453 248 2508 est.
280 2443 353 2506 hinc
375 2464 500 2526 quoque
521 2443 666 2528 repulsus
688 2443 780 2520 dixit,
809 2465 843 2508 se
865 2452 939 2508 vota
961 2465 1069 2508 susee-

34 2537 140 2623 pisse,
163 2557 245 2619 quae
261 2534 333 2600 Iovi
350 2535 523 2600 Hammoni
545 2535 693 2613 solveret,
713 2535 896 2602 existimans
916 2558 950 2601 se
966 2535 1067 2600 Afros

37 2627 163 2694 facilius
178 2637 404 2714 corrupturum.
432 2627 491 2693 hac
505 2651 561 2714 spe
576 2650 648 2692 cum
665 2629 825 2714 profectus
836 2638 920 2694 esset
932 2629 966 2692 in
979 2627 1068 2692 Afri·
1086 2649 1101 2694 a
1197 2671 1201 2682 ·

38 2744 124 2799 cam,
146 2722 280 2786 multum
304 2744 376 2786 eum
399 2722 553 2786 antistites
575 2721 661 2786 Iovis
683 2721 873 2786 fefellerunt.
908 2743 982 2785 nam
1003 2743 1068 2785 non

41 2815 144 2882 solum
162 2815 319 2900 corrumpi
340 2837 404 2880 non
424 2824 607 2901 potuerunt,
630 2815 687 2880 sed
710 2815 804 2880 etiam
825 2815 947 2900 legatos
965 2815 1069 2880 Laee-

40 2910 227 2974 daemonem
253 2909 419 2986 miserunt,
446 2910 501 2993 qui
526 2909 731 2994 Lysandrum
757 2918 955 2987 accusarent,
982 2909 1069 2992 quod

40 3003 219 3068 sacerdotes
241 3002 308 3067 fani
330 3013 529 3086 conumpere
546 3011 676 3068 conatus
695 3011 788 3068 esset.
819 3011 986 3067 accusatus
1008 3003 1103 3066 hocs

40 3093 173 3184 crimine
185 3095 384 3179 iudicumque
398 3095 560 3160 absolutus
575 3096 746 3170 sententiis,
759 3093 980 3159 Orchomeniis
993 3094 1070 3156 mis·

41 3209 98 3252 sus
132 3183 271 3253 subsidio
301 3189 425 3254 occisus
458 3197 506 3252 est
532 3210 552 3250 a
578 3186 740 3252 Thebanis
767 3187 852 3271 apud
879 3185 1067 3250 Haliartum.
1161 3255 1171 3274 ο

41 3303 138 3363 quarn
156 3301 229 3346 vere
247 3282 286 3346 de
303 3305 341 3348 eo
355 3281 436 3346 foret
452 3281 634 3357 iudicatum,
654 3280 752 3354 oratio
765 3279 881 3344 indicio
899 3278 967 3355 fuit,
987 3300 1068 3362 quae
1087 3296 1103 3344 5

40 3383 115 3458 post
132 3382 264 3439 mortem
281 3375 315 3439 in
332 3375 425 3440 domo
444 3374 511 3440 eius
530 3383 653 3460 reperta
670 3383 727 3451 est,
746 3374 779 3438 in
796 3393 860 3457 qua
879 3372 990 3438 suadet
1002 3371 1069 3436 La-

42 3467 262 3546 cedaemoniis,
282 3477 317 3532 ut
333 3469 421 3556 regia
437 3477 591 3554 potestate
610 3467 763 3532 dissoluta
781 3489 820 3532 ex
842 3465 986 3531 omnibus
1005 3465 1071 3529 dux

42 3560 197 3648 deligatur
214 3562 256 3626 ad
272 3561 391 3628 bellum
408 3563 590 3650 gerendum,
611 3563 667 3627 sed
681 3561 806 3646 scripta,
825 3570 861 3624 ut
875 3561 969 3624 deum
983 3560 1071 3624 vide·

40 3663 126 3718 retur
139 3677 312 3741 congruere
327 3655 506 3732 sententiae,
526 3677 621 3739 quarn
633 3654 686 3718 ille
700 3677 734 3720 se
747 3653 927 3719 habiturum
936 3651 1072 3736 pecunia

41 3748 141 3814 fidens
169 3771 234 3814 non
257 3749 428 3815 dubitabat.
459 3748 542 3814 hano
564 3749 593 3813 ei
615 3748 779 3834 scripsisse
804 3745 904 3812 Cleon
926 3743 1071 3809 Halicar-

41 3843 149 3907 nasius
168 3843 291 3908 dicitur.

92 3934 154 4000 IV.
184 3935 293 4022 Atque
319 3938 474 4003 hocloco
500 3958 565 4002 non
591 3945 639 4001 est
664 3933 926 4021 praetereundum
952 3931 1104 3996 faetumr

40 4027 251 4110 Pharnabazi,
272 4033 403 4118 satrapis
416 4032 510 4118 regis.
538 4053 612 4097 nam
626 4051 699 4094 cum
706 4029 876 4114 Lysander
893 4026 1071 4113 praefectus

824 4127 859 4181 2.
