2732 4722
306 267 350 334 44
639 271 824 330 CORNELII
835 269 999 330 NEPOTIS

307 395 357 482 gis
372 392 528 458 Datames
546 395 734 455 consecutus
752 395 845 464 esset,
864 408 929 451 non
941 385 1094 452 minorem
1111 385 1265 454 invidiam
1283 413 1331 456 aa.

307 489 440 554 licorum
463 484 601 569 excepit,
628 483 683 566 qui
707 481 797 546 illum
817 503 917 545 unum
937 480 1035 566 pluris
1053 502 1149 564 quam
1171 505 1207 548 se
1225 506 1329 550 omnes

272 604 288 650 a
302 582 373 647 fieri
390 577 548 644 videbant.
575 599 638 661 quo
648 576 732 640 facto
746 574 851 639 cuncti
863 574 904 638 ad
922 595 994 638 eum
1007 575 1249 659 opprimendum
1261 599 1329 642 oon·

307 682 482 742 senserunt.
518 672 597 736 haec
612 669 788 758 Pandates,
816 690 915 753 gazae
936 676 1043 732 custos
1064 668 1185 754 regiae,
1214 671 1329 736 amicus

194 761 199 768 ’
306 768 446 844 Datami,
464 765 637 851 perscripta
654 763 684 827 ei
700 762 804 839 mittit,
822 761 988 845 inquibus
1006 763 1107 840 docet,
1126 786 1200 828 eum
1219 789 1329 852 magno

305 864 373 928 fore
395 859 546 945 periculo,
570 857 598 920 si
618 855 696 938 quid
716 854 770 920 illo
792 855 964 940 imperante
987 855 1111 922 adversi
1131 857 1166 921 in
1181 856 1330 945 Aegypto

271 980 288 1026 4
306 955 480 1022 accidisset.
515 971 652 1033 namque
673 969 744 1013 eam
766 970 838 1012 esse
860 949 1119 1015 consuetudinem
1134 953 1277 1037 regiam,
1303 961 1329 1016 ot

290 1060 294 1080 '
307 1071 400 1114 casus
410 1047 560 1111 adversos
569 1041 750 1108 hominibus
759 1041 906 1121 tribuant,
922 1043 1076 1109 secundos
1086 1043 1232 1110 fortunae
1245 1070 1330 1122 suae3

306 1163 368 1227 quo
387 1139 467 1216 fieri,
490 1147 526 1202 ut
544 1137 636 1202 facile
653 1136 854 1222 impellantur
871 1137 912 1202 ad
929 1159 1037 1203 eorum
1055 1140 1238 1223 perniciem,
1262 1163 1330 1225 quo

303 1257 374 1298 rum
392 1235 489 1298 ductu
510 1254 561 1298 res
579 1231 662 1296 male
684 1240 792 1317 gestae
810 1231 999 1296 nuntientur.
1030 1231 1119 1298 illum
1136 1233 1197 1298 hoc
1216 1236 1330 1299 maiore

302 1328 373 1393 fore
390 1329 423 1392 in
441 1327 631 1404 discrimine,
649 1326 745 1410 quod,
763 1325 879 1409 quibus
895 1349 952 1391 rex
969 1327 1106 1392 maxime
1124 1327 1262 1406 obediat,
1282 1351 1332 1392 eos

271 1446 286 1492 5
305 1422 421 1488 habeat
434 1421 676 1486 inimicissimos.
704 1419 819 1485 talibus
833 1420 885 1485 ille
898 1413 1007 1486 litteris
1021 1421 1165 1507 cognitis,
1184 1443 1263 1487 oum
1277 1423 1332 1485 ian

305 1520 347 1583 sd
364 1519 535 1582 exercitum
553 1516 646 1580 Acen
663 1516 811 1593 venisset,
833 1517 918 1598 quod
935 1539 999 1582 non
1020 1516 1186 1602 ignorabat
1205 1540 1245 1582 ea
1264 1537 1331 1580 vere

273 1612 437 1694 ascripta,
461 1607 638 1672 desciscere
654 1631 673 1670 a
694 1630 770 1692 rege
793 1611 961 1674 constituit.
992 1631 1095 1693 neque
1117 1621 1223 1675 tamen
1247 1610 1334 1693 quid

304 1725 399 1785 quam
417 1701 502 1776 fecit,
521 1701 607 1782 quod
628 1699 691 1762 fide
709 1723 768 1763 sua
785 1711 870 1766 esset
887 1704 1062 1789 indignum.
1090 1727 1164 1768 nam
1181 1703 1336 1782 Mandro-3

304 1796 373 1860 olen
390 1793 574 1878 Magnetem
593 1791 743 1854 exercitui
759 1793 925 1874 praefecit;
943 1796 1012 1878 ipse
1031 1819 1104 1866 cum
1122 1799 1188 1880 suis
1206 1798 1242 1860 in
1253 1787 1336 1880 Cap}

184 1934 193 1948 .
303 1887 468 1971 padociam
485 1884 618 1947 discedit
635 1883 895 1965 coniunctamque
918 1885 993 1949 huic
1010 1886 1272 1971 Paphlagoniam
1294 1877 1336 1958 ool

303 1986 410 2062 cupa't,
438 1976 558 2051 celans,
586 1997 649 2058 qua
670 1974 831 2038 voluntate
848 1983 933 2040 esset
954 1976 987 2039 in
1007 1998 1130 2060 regem;
1159 1980 1242 2042 clam
1266 2004 1289 2046 c

301 2069 517 2136 Ariobarzane
530 2067 607 2133 facit
624 2067 801 2145 amicitiam,
819 2090 948 2134 manum
962 2078 1130 2152 comparat,
1149 2069 1246 2134 urbes
1269 2095 1314 2137 m

302 2165 385 2230 nitas
404 2165 470 2230 suis
487 2163 620 2228 tuendas
638 2163 741 2228 tradit

271 2280 284 2326 1
356 2257 415 2324 VI.
445 2255 511 2324 Sed
528 2256 607 2322 haec
623 2265 751 2342 propter
767 2255 902 2322 hiemale
919 2265 1043 2340 tempus
1060 2256 1165 2320 minus
1182 2277 1292 2342 prosp

302 2351 525 2437 procedebant
557 2351 654 2428 audit,
676 2349 803 2415 Pisidas
826 2349 981 2433 quasdam
998 2348 1105 2434 copias
1123 2349 1285 2416 adversus
1309 2371 1335 2414 so

302 2464 423 2528 parare.
450 2443 550 2506 filium
568 2465 605 2506 co
624 2442 796 2507 Arsideum
818 2464 890 2508 oum
908 2442 1047 2507 exercitu
1064 2442 1167 2506 mittit
1199 2443 1333 2507 caditis

303 2536 422 2622 proeho
440 2536 633 2601 adolescens.
659 2535 868 2620 proficiscitur
885 2557 923 2600 eo
935 2546 1025 2621 pater
1041 2559 1105 2602 non
1121 2537 1167 2600 ita
1179 2557 1257 2600 oum
1273 2561 1333 2600 ma·

303 2653 368 2717 gna
384 2653 490 2708 manu,
508 2629 624 2706 celans,
643 2638 795 2712 quantum
812 2629 927 2694 vulnus
941 2630 1124 2715 accepisset,
1142 2631 1229 2713 quod
1248 2631 1330 2716 prius

302 2726 344 2790 ad
357 2724 479 2790 hostem
492 2723 654 2809 pervenire
667 2721 822 2807 cupiebat,
841 2743 937 2805 quam
950 2724 990 2787 de
1003 2723 1084 2788 male
1097 2745 1131 2787 rc
1144 2732 1238 2808 gesta
1252 2724 1331 2788 fama

303 2820 345 2881 ad
362 2841 437 2884 suos
459 2817 650 2902 perveniret,
676 2838 717 2880 ne
734 2816 861 2902 cognita
876 2816 934 2880 filii
954 2825 1055 2882 morte
1077 2816 1174 2880 animi
1191 2815 1329 2882 debilita

270 2937 285 2982 2
303 2921 411 2976 rentur
427 2911 571 2974 militum.
598 2933 662 2993 quo
679 2911 891 2987 contenderat,
909 2910 1052 2995 pervenit
1068 2911 1170 2994 iisque
1187 2910 1268 2974 locis
1283 2932 1330 2971 oa

304 3015 368 3070 stra
384 3004 486 3090 ponit,
513 3014 550 3068 ut
570 3025 673 3088 neque
691 3003 847 3069 circumiri
863 3003 1063 3068 multitudino
1080 3003 1327 3068 adversariorum

303 3108 412 3186 posset
429 3119 531 3183 neque
553 3097 712 3186 impediri,
739 3119 803 3181 quo
821 3097 926 3163 minus
944 3095 1043 3184 [ipse]
1063 3098 1104 3162 ad
1121 3097 1328 3162 dirnicandum

271 3217 433 3262 amanum
454 3194 584 3260 haberet
605 3193 794 3279 expeditam.
826 3203 892 3258 erat
914 3214 988 3257 oum
1009 3215 1047 3258 eo
1064 3190 1326 3262 Meuobarzanea

304 3309 393 3356 socer
410 3288 488 3364 eius,
506 3287 684 3370 praefectus
699 3287 849 3368 equitum.
875 3285 904 3348 is
921 3286 1095 3369 desperatis
1113 3284 1219 3372 generi
1234 3283 1335 3346 rebus

304 3383 345 3446 ad
362 3382 470 3445 hostes
492 3379 670 3462 transfugit
697 3378 731 3440 id
748 3377 902 3440 Datames
920 3385 956 3438 ut
973 3378 1104 3456 audivit,
1127 3378 1234 3453 sensit,
1256 3375 1326 3440 siin

303 3473 428 3535 turbam
446 3471 573 3547 exisset,
592 3471 632 3534 ab
650 3469 778 3533 homine
795 3479 860 3532 tam
873 3471 1051 3538 necessario
1064 3493 1099 3538 se
1111 3473 1267 3547 relictum,
1285 3468 1326 3532 fu-

269 3570 424 3638 crurum,
450 3573 486 3625 ut
508 3563 603 3626 ceteri
624 3561 790 3626 consilium
814 3571 1026 3644 sequerentur.
1061 3566 1095 3629 in
1116 3566 1232 3651 vulgus
1260 3561 1323 3632 edil,

305 3678 362 3722 suo
379 3654 469 3718 iussu
481 3653 757 3719 Metrobarzanem
773 3653 949 3740 profectum
965 3677 1023 3742 pro
1040 3659 1184 3744 perfuga,
1204 3679 1271 3741 quo
1287 3653 1324 3718 fa

304 3750 394 3818 cilius
412 3756 557 3834 receptus
573 3747 761 3814 interficeret
777 3747 893 3813 hostes.
920 3771 1018 3833 quare
1034 3751 1168 3835 relinqui
1185 3773 1260 3815 eum
1276 3766 1324 3832 pu

303 3867 369 3911 non
385 3865 470 3922 esse,
493 3852 525 3908 et
542 3864 651 3908 omnes
669 3841 836 3907 confestim
854 3844 951 3927 sequi.
983 3846 1069 3928 quod
1086 3846 1116 3911 si
1131 3845 1237 3910 animo
1255 3851 1324 3906 stre·

303 3963 368 4005 nuo
381 3937 539 4016 fecissent,
558 3937 708 4013 futurum,
726 3945 763 4001 ut
775 3936 945 4002 adversarii
957 3961 1021 4004 non
1032 3948 1163 4025 possent
1174 3939 1320 4006 resistere,

253 4053 270 4102 5
305 4053 379 4098 cum
395 4039 427 4096 et
443 4033 525 4098 intra
541 4031 660 4098 vallum
677 4037 710 4096 et
729 4029 806 4098 loris
825 4031 1034 4100 caederentur.
1065 4033 1125 4101 hac
1142 4055 1177 4099 re
1198 4029 1322 4118 probae
