2732 4722
242 253 245 260 ’
307 279 362 351 34·
647 286 831 350 eorunm
844 285 1005 348 ursonis

205 397 206 400 Ἴ
309 411 485 499 Syracusas
503 401 664 470 introierit.
693 421 733 465 ex
750 419 813 483 quo
833 395 966 482 intelligi
987 403 1104 482 potest,
1127 395 1249 462 nullum
1266 417 1340 466 esse

273 504 475 592 simperium
496 508 600 564 tutum
621 495 683 560 nisi
704 493 922 560 benevolentia
943 491 1108 556 munitum.
1139 514 1176 557 eo
1199 501 1341 578 tempore

308 601 416 667 aberat
432 592 609 678 Dionysius
629 599 659 654 et
675 589 708 652 iu
726 589 819 653 Italia
836 587 972 653 classem
990 585 1211 670 opperiebatur
1227 589 1342 654 adver-

308 694 471 767 sariorum,
490 697 576 752 ratus
594 683 751 749 neminem
770 683 837 746 sine
854 680 979 766 maguis
997 680 1096 763 copiis
1115 681 1157 744 ad
1174 701 1209 745 se
1225 693 1341 746 ventu-

274 809 387 860 amm.
415 805 495 869 quae
516 801 659 846 roseum
681 776 802 841 fefellit.
829 799 903 840 nam
921 774 1009 837 Dion
1030 774 1069 838 iis
1087 773 1180 858 ipsis,
1203 776 1256 857 qui
1274 778 1340 842 sub

283 948 284 952 ,
307 877 479 948 adversarii
500 875 623 940 fueraut
645 879 813 956 potestate,
841 869 945 955 regios
969 867 1097 953 spiritus
1119 869 1266 953 repressit
1285 880 1341 934 to-

307 977 433 1058 tiusque
451 971 518 1034 eius
536 965 633 1054 partis
653 963 779 1030 Siciliae
797 963 915 1050 potitus
934 971 991 1040 est,
1010 983 1091 1049 quae
1110 961 1169 1027 sub
1186 961 1341 1057 Dionysii

306 1071 411 1135 fuerat
431 1071 598 1152 potestate,
621 1061 750 1148 parique
773 1061 867 1126 modo
889 1061 976 1128 urbis
996 1060 1224 1150 Syracusarum
1245 1088 1345 1152 prae-

274 1178 355 1237 ster
372 1185 476 1230 arcem
495 1171 526 1227 et
547 1158 684 1225 insulam
706 1157 886 1224 adiunctam
904 1158 1033 1245 oppido,
1057 1182 1156 1244 eoque
1177 1183 1246 1225 rem
1265 1183 1341 1247 per-

186 1259 188 1264 ’
307 1260 405 1336 duxit,
424 1265 460 1322 ut
477 1255 592 1321 talibus
603 1253 803 1340 pactionibus
817 1277 928 1340 pacem
941 1263 1091 1340 tyrannus
1110 1255 1214 1320 facere
1226 1255 1340 1320 vellet:

308 1351 451 1422 Siciliam
477 1350 565 1418 Dion
591 1349 759 1427 obtineret,
786 1349 911 1415 Italiam
936 1349 1126 1435 Dionysius,
1159 1348 1341 1436 Syracusas

306 1445 542 1534 Apollocrates,
562 1445 613 1509 cui
631 1445 801 1508 maximam
818 1444 914 1509 fidem
931 1444 986 1508 uni
1003 1443 1139 1508 habebat
1156 1443 1250 1509 Dion.

274 1564 287 1611 1
358 1541 417 1607 VI.
444 1538 600 1605 Hastam
621 1559 788 1622 prosperas
811 1545 938 1621 tamque
959 1539 1135 1622 inopinatas
1157 1559 1208 1603 res
1226 1559 1344 1604 conse-

307 1646 380 1702 cuta
398 1643 447 1700 est
466 1633 570 1698 subita
587 1631 803 1707 commutatio,
827 1633 912 1715 qnod
935 1631 1060 1696 fortuna
1079 1653 1136 1696 sua
1154 1631 1345 1710 mobilitate,

273 1753 289 1799 a
308 1753 403 1814 quem
419 1728 515 1814 paulo
533 1732 604 1789 ante
619 1722 781 1798 extulerat,
801 1725 983 1808 demergere
997 1735 1045 1790 est
1058 1727 1176 1790 adorta.
1198 1726 1345 1810 primum

306 1825 341 1889 in
357 1823 435 1898 filio,
460 1822 579 1898 dequo
598 1816 840 1878 commemoravi
858 1837 967 1899 supra,
992 1839 1081 1881 suam
1103 1821 1169 1883 vim
1187 1821 1345 1885 exercuit.

306 1939 380 1979 nam
398 1935 470 1975 cum
491 1929 621 1971 uxorem
642 1907 832 1981 reduxisset,
856 1927 936 1988 quae
955 1909 1007 1971 alii
1030 1910 1133 1973 fuerat
1150 1914 1277 1990 tradita,
1304 1914 1348 1977 fi-

305 2007 445 2086 liumque
463 2000 557 2064 vellet
574 2019 721 2062 revocare
738 1999 779 2062 ad
793 1999 940 2062 virtutem
958 2023 977 2062 a
993 2001 1116 2083 perdita
1132 2004 1266 2082 luxuria,
1286 2029 1351 2072 ac-

272 2099 389 2184 acepit
411 2095 634 2184 gravissimum
656 2115 768 2178 parens
791 2093 905 2156 viduus
924 2104 1022 2158 morte
1040 2093 1105 2158 tilii.
1132 2096 1245 2159 deinde
1269 2111 1353 2164 orta

306 2192 462 2258 dissensio
481 2197 529 2255 est
546 2190 627 2253 inter
645 2209 718 2252 eum
740 2197 771 2251 et
787 2185 1003 2264 Heraclidem,
1027 2188 1094 2271 qui,
1118 2189 1203 2271 quod
1219 2189 1355 2272 princi-

305 2295 416 2372 patum
437 2305 502 2348 non
525 2281 730 2358 concedebat,
758 2279 927 2344 factionem
949 2280 1150 2364 comparavit.
1182 2301 1287 2362 neque
1316 2284 1349 2349 is

306 2379 410 2441 minus
429 2375 554 2439 valebat
572 2375 656 2458 apud
674 2374 849 2457 optimates,
869 2394 1002 2454 quorum
1020 2393 1177 2438 consensu
1193 2387 1346 2458 praeerat

271 2494 289 2540 4
307 2471 414 2545 classi,
438 2490 510 2532 cum
527 2467 615 2530 Dion
637 2467 808 2530 exercitum
830 2466 1009 2550 pedestrem
1030 2475 1157 2531 teneret.
1184 2489 1248 2532 non
1266 2469 1344 2532 tulit

305 2565 366 2630 hoc
384 2563 488 2628 animo
506 2581 606 2644 aequo
624 2559 712 2624 Dion
730 2568 761 2622 et
777 2581 905 2624 versum
922 2560 1010 2623 illum
1023 2559 1157 2624 Homeri
1174 2560 1281 2625 retulit
1301 2585 1343 2626 ex

307 2657 445 2723 secunda
461 2653 644 2739 rhapsodia,
666 2653 701 2716 in
718 2674 781 2736 quo
798 2651 877 2717 baec
901 2653 1054 2717 sententia
1072 2661 1134 2718 est:
1157 2677 1222 2718 non
1238 2677 1341 2739 posse

304 2753 386 2817 bene
404 2750 472 2836 geri
489 2771 556 2812 rem
573 2746 732 2832 publicam
749 2746 918 2811 multorum
935 2746 1085 2831 imperiis.
1113 2749 1198 2830 quod
1215 2747 1340 2812 dictum

305 2867 422 2929 magua
434 2841 552 2905 invidia
566 2849 733 2904 consecuta
746 2849 803 2906 est.
829 2861 966 2924 namque
979 2839 1140 2925 aperuisse
1157 2840 1338 2917 videbatur,

272 2961 287 3007 a
306 2937 411 3002 omnia
428 2935 462 2998 in
475 2958 533 2999 sua
546 2942 701 3020 potestate
714 2956 785 2998 esse
803 2933 892 2997 velle.
919 2934 1001 2998 hauc
1017 2934 1070 2998 ille
1088 2957 1151 2998 non
1168 2935 1269 2999 lenire
1282 2935 1340 2999 ob-

307 3030 431 3115 sequio,
456 3029 513 3094 sed
534 3027 702 3093 acerbitate
723 3024 899 3112 opprimere
922 3027 1042 3091 studuit
1058 3027 1337 3111 Heraclidemque‚

305 3149 377 3192 cum
397 3123 573 3211 Syracusas
591 3122 743 3198 venisset,
761 3120 1014 3186 interficiundum
1032 3122 1161 3186 curavit.

271 3243 284 3291 1
354 3219 431 3284 VH.
460 3217 556 3298 Quod
573 3215 692 3279 factum
706 3213 851 3280 omuibus
866 3215 1039 3279 maximum
1056 3216 1199 3280 timorem
1217 3215 1335 3280 iniecit.

303 3335 396 3379 nemo
411 3312 495 3375 enim
511 3309 565 3372 illo
578 3307 742 3374 interfecto
761 3331 794 3375 se
809 3317 909 3372 tutum
922 3309 1062 3392 putabat.
1089 3310 1141 3374 ille
1155 3320 1259 3375 autem
1279 3310 1337 3372 ad·
1364 3311 1365 3318 ’

303 3405 442 3470 versario
460 3411 579 3468 remoto
595 3403 739 3468 licentius
759 3423 865 3467 eorum
879 3400 971 3478 bona,
990 3423 1070 3485 quos
1085 3403 1205 3470 sciebat
1222 3403 1338 3469 adver-

270 3519 360 3568 asus
379 3517 413 3561 se
432 3497 584 3575 sensisse,
607 3497 758 3561 militibus
781 3493 965 3578 dispertivit.
993 3495 1108 3578 quibus
1131 3499 1240 3564 divisis
1262 3520 1338 3563 cum

304 3589 476 3674 quotidiani
497 3592 626 3656 maximi
647 3589 757 3652 flerent
779 3595 938 3672 sumptus,
961 3589 1101 3654 celeriter
1120 3591 1259 3676 pecunia
1283 3593 1338 3656 de·

304 3706 374 3770 esse
393 3686 507 3772 coepit,
525 3698 719 3764 nequesquo
737 3703 848 3745 manus
866 3682 1046 3768 porrigeret,
1067 3684 1255 3770 suppetebat
1274 3685 1337 3748 nisi

302 3779 337 3843 in
354 3781 525 3845 amicorum
542 3774 771 3859 possessiones.
797 3775 831 3838 id
849 3775 1003 3841 eiusmodi
1021 3786 1099 3856 erat,
1119 3787 1162 3855 ut,
1182 3799 1258 3844 cum
1277 3779 1337 3841 mi-

269 3893 285 3940 a
302 3872 372 3939 lites
381 3867 623 3948 reconciliasset,
638 3869 792 3934 amitteret
805 3870 980 3955 optimates.
999 3891 1132 3954 quarum
1141 3893 1248 3936 rerum
1259 3893 1336 3936 cura

302 3963 505 4050 frangebatur
527 3971 558 4028 et
579 3963 721 4030 insuetus
742 3964 825 4028 male
847 3965 994 4029 audiendi
1016 3987 1080 4030 non
1102 3963 1207 4030 animo
1229 3987 1334 4050 aequo
1363 4033 1364 4046 y

302 4057 436 4135 ferebat,
459 4058 498 4123 de
517 4078 551 4123 se
569 4057 609 4123 ab
626 4057 665 4122 iis
683 4058 765 4124 male
788 4057 973 4136 existimari,
995 4081 1128 4142 quorum
1145 4058 1242 4146 paulo
1262 4067 1335 4124 autc
