2732 4722
292 275 336 340 22
468 265 474 272 ’
624 277 997 336 ceurennumours

258 401 442 472 esecerunt
469 417 543 460 nam
564 403 733 480 postquam
754 393 788 456 in
806 389 946 458 Siciliam
964 413 1037 456 eum
1054 396 1236 478 pervenisse
1253 419 1320 464 cre-

292 494 452 567 diderunt,
475 489 652 564 absentem,
671 486 757 570 quod
775 505 864 549 sacra
880 486 1039 563 violasset,
1057 489 1315 556 reumfeoerunt

292 586 412 671 quade
429 605 464 648 re
482 582 598 647 cumei
614 580 743 644 nuntius
761 603 780 643 a
797 579 983 664 magistratu
1000 579 1033 644 in
1043 577 1184 647 Siciliam
1201 584 1315 650 missus

293 689 392 757 esset,
414 687 450 742 ut
467 677 596 742 domum
613 676 655 740 ad
672 695 818 739 caussam
835 673 1000 738 dicendam
1017 676 1145 754 rediret,
1173 688 1317 762 essetque

292 774 325 838 in
342 795 459 858 magna
472 793 528 855 spe
545 769 724 854 provinciae
742 767 822 832 bene
836 767 1110 847 administrandae,
1128 792 1192 834 non
1208 793 1316 856 parere

291 866 391 931 noluit
417 875 449 929 et
475 865 508 928 in
530 864 700 938 triremem,
728 883 809 944 quae
832 861 873 924 ad
899 883 973 925 eum
999 871 1065 926 erat
1090 863 1317 948 deportandum

257 984 274 1031 4
292 961 398 1037 missa,
418 958 566 1024 ascendit.
594 956 654 1020 hac
672 955 808 1020 Thurios
826 956 860 1020 in
877 955 1004 1020 Italiam
1020 967 1195 1041 pervectus,
1219 959 1318 1024 multa

292 1075 400 1120 secum
426 1061 573 1136 reputans
599 1050 639 1113 de
664 1050 871 1114 immoderata
897 1049 1013 1114 civium
1040 1073 1168 1116 suorum
1193 1051 1319 1116 licentia

291 1146 536 1226 crudelitateque
553 1165 629 1228 erga
649 1142 785 1219 nobiles,
809 1142 1011 1207 utilissimum
1031 1152 1119 1208 ratus
1136 1145 1318 1228 impenden-

291 1249 355 1303 tem
373 1239 489 1302 evitare
511 1245 729 1321 tempestatem
746 1237 829 1302 olam
851 1259 885 1300 se
902 1236 943 1302 ab
966 1237 1148 1304 custodibus
1167 1238 1318 1303 subduxit

258 1341 323 1401 set
344 1333 418 1396 inde
439 1331 576 1416 primum
596 1328 738 1407 Elidem,
765 1330 839 1394 dein
864 1329 992 1395 Thebas
1018 1331 1114 1396 venit.
1148 1341 1321 1416 postquam

291 1435 396 1490 autem
415 1446 449 1490 se
466 1425 578 1509 capitis
596 1425 778 1490 damnatum
796 1423 887 1490 bonis
904 1423 1072 1508 publicatis
1089 1427 1210 1491 audivit
1225 1435 1263 1502 et,
1282 1426 1322 1489 id

291 1521 378 1603 quod
399 1542 461 1584 usu
482 1529 623 1594 venerat,
641 1518 850 1602 Eumolpidas
873 1520 1052 1584 sacerdotes
1071 1543 1091 1584 a
1107 1521 1224 1606 populo
1244 1541 1321 1584 ooa-

291 1623 373 1692 ctos,
396 1623 432 1678 ut
454 1636 489 1679 se
511 1614 713 1687 devoverent,
741 1613 872 1695 eiusque
894 1614 1069 1679 devotionis
1091 1635 1155 1698 quo
1178 1615 1322 1680 testatior

221 1751 225 1763 «
291 1717 376 1773 esset
397 1707 559 1780 memoria,
583 1704 775 1786 exemplum,
797 1706 831 1780 in
851 1707 917 1788 pila
933 1708 1059 1792 lapidea
1074 1709 1223 1786 incisum,
1246 1731 1324 1775 esse

174 1821 177 1828 ⁴
256 1821 272 1870 6
289 1803 429 1888 positum
451 1803 484 1862 in
504 1797 646 1882 publico,
668 1797 945 1862 Lacedaemonem
967 1801 1165 1886 demigravit.
1200 1802 1260 1882 ibi,
1283 1813 1326 1868 ut

289 1897 358 1980 ipse
379 1892 559 1976 praedicare
582 1899 799 1964 consueverat,
827 1911 892 1953 non
914 1891 1066 1956 adversus
1087 1895 1236 1977 patriam,
1261 1897 1327 1961 sed

291 1985 433 2050 inimicos
452 2003 526 2044 suos
544 1980 661 2044 bellum
679 1981 786 2066 gessit,
807 1983 891 2064 quod
908 1983 1004 2046 iidem
1022 1984 1130 2050 hostes
1149 1998 1256 2052 essent
1274 1990 1328 2053 ci-

291 2075 392 2140 vitati:
411 2097 485 2138 narn
499 2095 571 2138 cum
588 2073 805 2160 intelligerent,
826 2097 859 2139 se
872 2075 1043 2161 plurimum
1055 2077 1207 2162 prodesse
1220 2101 1330 2162 posse

290 2170 336 2234 rei
348 2169 503 2255 publicae,
523 2191 564 2234 ex
577 2191 615 2234 ea
625 2169 754 2234 eiecisse
767 2169 903 2254 plusque
912 2171 976 2234 irae
991 2193 1067 2236 suae
1076 2192 1172 2254 quam
1188 2171 1331 2238 utilitati

243 2285 270 2331 a
290 2265 448 2329 communi
456 2265 608 2349 paruisse.
624 2265 733 2346 itaque
745 2262 839 2328 huius
855 2263 1331 2331 consilioLacedaemoniicum

289 2358 389 2421 Perse
406 2380 481 2442 rege
503 2358 673 2421 amicitiam
695 2357 851 2434 fecerunt,
879 2358 953 2422 dein
969 2357 1143 2421 Deceleam
1160 2356 1193 2420 in
1209 2355 1329 2424 Attica

233 2437 237 2451 ’
288 2450 468 2514 munierunt
489 2450 708 2532 praesidioque
730 2451 775 2513 ibi
796 2461 948 2534 perpetuo
970 2451 1074 2534 posito
1095 2449 1130 2512 in
1155 2448 1326 2516 obsidione

289 2543 434 2606 Athenas
465 2551 640 2604 tenuerunt.
681 2542 823 2605 eiusdem
849 2565 945 2626 opera
971 2543 1095 2607 Ioniam
1121 2565 1142 2606 a
1168 2542 1325 2606 societate

289 2643 468 2701 averterunt
476 2634 727 2713 Atheniensium,
755 2657 819 2718 quo
832 2635 917 2700 facto
930 2636 1029 2700 multo
1044 2636 1221 2720 superiores
1234 2634 1324 2700 bello

289 2753 359 2794 esse
378 2738 557 2814 coeperunt.

134 2853 144 2866 ⁶
256 2843 270 2890 1
340 2821 381 2885 V.
413 2821 524 2904 Neque
549 2843 624 2886 vero
650 2821 700 2884 his
727 2820 822 2886 rebus
848 2831 913 2886 tam
939 2824 1036 2888 amici
1057 2821 1218 2890 Alcibiadi
1245 2833 1324 2888 sunt

279 2915 366 3004 ¹facti
383 2935 479 2996 quam
496 2915 607 2977 timore
628 2914 668 2978 ab
688 2937 725 2978 eo
743 2915 878 2980 alienati.
906 2940 980 2981 nam
998 2939 1071 2981 cum
1093 2917 1236 2981 acerrimi
1258 2918 1321 2982 viri

288 3016 502 3092 praestantem
522 3007 721 3091 prudentiam
742 3009 775 3072 in
793 3009 940 3075 omnibus
962 3009 1056 3076 rebus
1079 3021 1322 3098 cognoscerent,

287 3102 523 3187 pertimuerunt,
541 3123 581 3165 ne
596 3102 723 3167 caritate
736 3105 855 3188 patriae
873 3105 986 3169 ductus
1001 3105 1170 3188 aliquando
1184 3105 1225 3189 ab
1237 3105 1322 3190 ipsis

288 3196 477 3260 descisceret
494 3204 526 3258 ct
543 3217 616 3260 cum
633 3197 699 3262 suis
717 3197 750 3262 in
767 3199 901 3283 gratim
918 3199 1042 3263 rediret.
1068 3200 1174 3282 itaque
1192 3209 1321 3285 tempus

255 3312 271 3358 2
289 3293 357 3356 eius
374 3291 584 3355 interficiundi
601 3315 750 3376 quaerere
768 3293 978 3356 instituenmt.
1005 3294 1039 3357 id
1055 3292 1228 3360 Alcibades
1247 3294 1323 3356 diu-

288 3386 352 3446 tius
375 3383 469 3447 celari
490 3407 554 3448 non
575 3387 686 3470 potuit
719 3394 785 3448 erat
803 3386 888 3449 enim
906 3408 944 3450 ea
962 3390 1141 3474 sagacitate,
1160 3398 1196 3453 ut
1214 3389 1323 3475 decipi

287 3500 352 3564 nou
367 3487 484 3562 posset,
502 3480 687 3564 praesertim
705 3499 776 3541 cum
795 3480 934 3544 animum
948 3483 1132 3548 attendisset
1149 3483 1190 3547 ad
1204 3506 1324 3548 caven-

289 3571 374 3635 dum.
401 3572 507 3655 itaque
525 3573 566 3636 ad
579 3570 834 3654 Tissaphernem,
852 3573 1046 3658 praefectum
1062 3576 1147 3662 regis
1160 3576 1264 3652 Darii,
1285 3599 1323 3640 se

256 3683 271 3730 3
290 3666 429 3731 contulit.
462 3665 551 3728 ouius
570 3686 643 3726 cum
664 3664 697 3726 in
713 3665 857 3732 intimam
875 3669 1044 3758 amicitiam
1065 3671 1265 3756 pervenisset
1288 3680 1322 3734 et

288 3758 533 3826 Atheniensium
550 3757 632 3822 male
645 3761 744 3844 gestis
758 3762 792 3825 in
805 3759 914 3828 Sicilia
930 3764 1026 3829 rebus
1043 3787 1120 3850 opes
1140 3787 1320 3841 senescere,

288 3864 396 3920 contra
413 3851 738 3920 Lacedaemoniorum
756 3879 896 3923 crescere
913 3858 1041 3936 videret,
1061 3860 1150 3924 initio
1168 3881 1242 3924 cum
1261 3858 1323 3922 Pi-

288 3945 402 4012 sandro
419 3954 571 4031 praetore,
590 3949 645 4032 qui
662 3951 747 4034 apud
761 3949 895 4016 Samum
908 3952 1078 4017 exercitum
1094 3952 1239 4030 habebat,
1259 3975 1321 4038 per

286 4040 494 4106 internuntios
513 4042 698 4128 colloquitur
715 4054 746 4110 et
763 4045 803 4109 de
824 4045 928 4110 reditu
945 4068 1002 4112 suo
1021 4046 1097 4113 facit
1113 4047 1319 4113 mentionem.
