2732 4722
662 285 845 342 CORNELII
862 284 1025 341 NEPOTIS
1131 303 1140 312 ·

653 779 680 842 I.
716 773 1025 842 MILTIADES.

291 982 306 1028 1
380 963 407 1027 Ι.
435 959 608 1036 Miltiades,
629 956 770 1023 Cimonis
788 957 885 1033 filius,
904 955 1120 1034 Atheniensis,
1140 979 1213 1023 cum
1232 971 1267 1024 et
1285 966 1355 1029 anfi,

327 1058 445 1142 quitate
467 1054 592 1141 generis
615 1063 647 1117 et
668 1052 768 1138 gloria
789 1051 944 1116 maiorum
966 1059 996 1115 et
1019 1074 1077 1116 sua
1098 1053 1256 1118 modestia
1279 1079 1355 1124 unus

327 1151 467 1218 omnium
489 1148 625 1212 maximo
647 1147 771 1212 floreret
793 1167 892 1228 eaque
916 1154 1000 1210 esset
1017 1155 1132 1223 aetate,
1156 1156 1275 1214 utnon
1299 1152 1355 1216 ian

328 1243 430 1310 solum
448 1243 487 1306 de
506 1265 544 1306 eo
562 1241 642 1307 bene
658 1261 796 1325 sperare,
816 1240 873 1304 sed
890 1239 984 1303 etiam
1002 1239 1158 1305 confidere
1181 1241 1268 1308 cives
1284 1268 1355 1330 pos·¹

327 1345 397 1402 sent
410 1337 468 1414 sui,
488 1335 582 1400 talem
595 1357 667 1398 eum
680 1333 831 1410 futurum,
851 1332 976 1416 qualem
989 1333 1150 1418 cognitum
1166 1334 1355 1402 iudicarunt

326 1429 448 1507 accidit,
467 1439 502 1492 ut
519 1427 732 1492 Athenienses
752 1424 988 1490 Chersonesum
1006 1427 1134 1492 colonos
1152 1427 1272 1494 vellent
1290 1434 1355 1496 mit·¹

292 1539 307 1586 2
326 1533 401 1591 tere.
434 1523 523 1586 cuius
545 1521 669 1606 generis
688 1543 760 1584 cum
778 1543 912 1605 magnus
931 1542 1080 1586 numerus
1099 1531 1197 1600 esset,
1218 1533 1249 1588 et
1269 1528 1352 1590 multi

327 1617 394 1682 eius
414 1614 648 1700 demigrationis
662 1622 803 1698 peterent
817 1613 1008 1690 societatem,
1028 1636 1068 1678 ex
1085 1614 1134 1679 his
1153 1616 1269 1682 delecti
1282 1620 1353 1684 Del-

326 1711 408 1795 phos
432 1708 639 1772 deliberatum
658 1707 852 1786 missisunt,
872 1708 926 1792 qui
945 1707 1142 1774 consulerent
1163 1709 1352 1796 Apollinem,

327 1825 390 1887 quo
416 1801 615 1887 potissimum
642 1801 721 1865 duce
748 1809 916 1864 uterentur.
956 1823 1092 1885 namque
1123 1813 1190 1868 tum
1216 1805 1355 1882 Thraces

327 1919 382 1960 eas
395 1896 541 1981 regiones
555 1893 712 1971 tenebant,
732 1916 804 1958 cum
818 1894 932 1977 quibus
947 1895 1041 1960 armis
1056 1906 1121 1960 erat
1134 1898 1355 1964 dimicandum.

294 2007 309 2054 3
327 1989 378 2054 his
396 1988 631 2054 consulentibus
653 1989 837 2053 nominatim
855 1987 972 2072 Pythia
989 1991 1159 2075 praecepit,
1184 1991 1355 2074 utMiltia-1

328 2084 401 2148 dem
422 2083 642 2168 imperatorem
665 2081 725 2146 sibi
748 2091 919 2146 sumerent:
946 2082 980 2146 id
1002 2083 1029 2146 si
1047 2083 1204 2159 fecissent,
1227 2085 1355 2171 incepta

291 2195 476 2263 4prospera
497 2176 611 2242 futura.
642 2176 703 2240 hoc
725 2176 843 2240 oraculi
859 2197 1011 2260 responso
1028 2176 1182 2240 Miltiades
1204 2197 1281 2240 cum
1302 2183 1355 2244 de«

325 2273 407 2338 lecta
424 2293 519 2336 manu
538 2271 639 2335 classe
655 2269 890 2334 Chersonesum
906 2269 1065 2354 profectus
1083 2291 1153 2333 cum
1166 2269 1355 2336 accessisset

326 2365 486 2428 Lemnum
505 2373 535 2426 et
556 2364 675 2428 incolas
699 2363 766 2427 eius
784 2363 905 2427 insulae
928 2363 988 2428 sub
1009 2372 1196 2449 potestatem
1212 2363 1355 2450 redigerq

326 2456 421 2520 vellet
442 2455 699 2532 Atheniensium,
727 2456 821 2540 idque
843 2457 971 2521 Lemnii
992 2480 1051 2522 sua
1074 2466 1184 2541 sponte
1206 2456 1355 2538 facerent,

294 2564 309 2630 q
326 2549 532 2635 postulasset,
555 2550 601 2612 illi
621 2549 785 2614 irridentes
803 2551 1043 2636 responderunt,
1067 2559 1133 2614 tum
1151 2550 1185 2614 id
1203 2573 1238 2615 se
1257 2551 1355 2616 fastu,

326 2668 392 2723 ros,
421 2669 493 2710 cum
515 2645 568 2710 ille
590 2646 683 2711 domo
705 2647 839 2712 navibus
865 2649 1066 2734 proficiscens
1089 2658 1183 2714 vento
1210 2650 1355 2736 aquilona

326 2740 465 2806 venisset
486 2741 656 2805 Lemnum.
696 2741 747 2806 hic
774 2743 862 2806 enim¹
883 2753 995 2814 ventus
1023 2743 1062 2808 ab
1091 2745 1355 2830 septentrionibus

259 2897 263 2906 ,
294 2848 308 2896 6
329 2835 431 2898 oriens
451 2835 618 2899 adversum
636 2843 720 2900 tenet
733 2835 869 2902 Athenis
886 2837 1166 2922 proficiscentibus.
1192 2837 1355 2904 Miltiades

327 2928 470 2992 morandi
487 2937 610 3014 tempus
624 2952 687 2994 non
700 2930 819 2996 habens
834 2953 961 2996 cursum
975 2931 1096 3009 direxit,
1116 2953 1179 3015 quo
1196 2933 1355 3009 tendebat,

326 3021 531 3106 pervenitque
551 3022 794 3090 Chersonesum.

292 3133 306 3179 1
362 3115 422 3182 Ἡ.
449 3116 501 3182 Ibi
519 3116 608 3182 brevi
625 3127 764 3205 tempore
782 3118 988 3184 barbarorum
1006 3120 1103 3205 copiis
1122 3119 1275 3198 disiectis,
1295 3111 1355 3198 tota]

325 3206 464 3296 regione,
483 3232 578 3293 quam
595 3212 735 3296 petierat,
754 3214 883 3297 potitus,
901 3215 972 3278 loca
990 3213 1126 3278 castellis
1144 3213 1261 3277 idonea
1274 3237 1355 3278 oona

326 3303 448 3380 muniit,
467 3303 706 3382 multitudinem,
725 3327 821 3388 quam
843 3327 951 3369 secum
969 3306 1114 3384 duxerat,
1137 3307 1171 3370 in
1188 3308 1277 3392 agris
1298 3309 1355 3390 cols

292 3412 307 3458 2
326 3395 442 3459 locavit
455 3395 632 3482 crebrisque
647 3397 883 3463 excursionibus
896 3399 1108 3484 locupletavit.
1135 3422 1237 3484 neque
1254 3402 1355 3486 minus

327 3488 361 3552 in
379 3510 416 3552 ea
432 3511 466 3554 re
483 3493 648 3576 prudentia
666 3513 761 3574 quam
778 3481 927 3558 felicitate
950 3494 1075 3558 adiutus
1094 3503 1152 3558 est.
1187 3517 1264 3558 nam
1288 3517 1355 3564 cum

328 3581 442 3648 virtute
452 3585 586 3650 militum
595 3585 764 3650 devicisset
776 3587 915 3668 hostium
931 3588 1096 3666 exercitus,
1111 3610 1234 3652 summa
1249 3581 1355 3672 aequi-³

327 3684 391 3740 tate
416 3700 466 3743 res
497 3679 657 3743 constituit
687 3688 780 3764 atque
810 3681 879 3767 ipse
905 3682 1023 3747 ibidem
1054 3704 1180 3746 manere
1207 3681 1355 3754 decrevit,

294 3785 309 3832 3
327 3782 393 3838 erat
411 3773 494 3838 enim
515 3773 596 3836 inter
618 3795 672 3838 eos
696 3775 846 3861 dignitato
868 3778 970 3864 regia,
993 3777 1137 3861 quamvis
1156 3774 1287 3841 carebat
1310 3800 1355 3842 no

326 3867 423 3943 mine,
447 3887 550 3950 neque
571 3866 605 3930 id
623 3869 725 3954 magis
747 3870 879 3956 imperio
902 3895 998 3957 quam
1020 3871 1138 3936 iustitia
1156 3883 1355 3940 consecutus

325 3983 428 4044 neque
451 3982 489 4025 eo
512 3963 615 4029 secius
633 3962 896 4045 Atheniensibus,
920 3968 1072 4052 aquibus
1095 3975 1161 4032 erat
1181 3963 1355 4051 profectus,

327 4055 432 4121 officia
461 4057 648 4142 praestabat.
696 4058 809 4144 quibus
835 4060 930 4126 rebus
956 4061 1065 4139 fiebat,
1093 4070 1127 4125 ut
1157 4081 1221 4124 non
1253 4061 1355 4126 minut
