2732 4722
275 249 316 314 12
569 331 585 348 „
609 253 793 312 CORNELII
806 251 970 312 NEPOTIS

275 376 355 442 adeo
369 373 509 440 eruditus
524 379 582 450 est,
600 379 635 436 ut
649 369 748 434 multe
762 369 956 436 commodius
965 368 1087 434 dicatur
1100 368 1185 454 apud
1197 389 1310 455 regem

274 471 372 538 verba
388 469 512 544 fecisse,
531 489 627 551 quam
643 466 667 530 ii
683 473 835 550 poterant,
853 464 908 547 qui
925 465 958 528 in
975 463 1107 528 Perside
1125 475 1212 528 erant
1229 465 1308 529 nati.

241 589 257 638 a
275 566 328 630 hic
345 585 418 628 cum
435 562 534 628 multa
550 561 619 646 regi
636 567 720 624 esset
736 559 904 644 pollicitus,
922 559 1199 644 gratissimumque
1217 559 1308 636 illud,

276 661 304 726 si
321 659 388 724 suis
405 657 452 722 uti
469 655 607 722 consiliis
625 653 728 729 vellet,
746 653 836 716 illum
850 650 1019 718 Graeciam
1036 653 1119 718 bello
1136 675 1310 738 oppressu·
1344 618 1345 712 l

274 775 355 831 rum,
378 751 503 837 magnis
525 746 708 814 muneribus
728 746 768 812 ab
789 745 967 812 Artaxerxe
990 749 1124 813 donatus
1141 748 1174 812 in
1191 747 1309 814 Asiam

241 846 367 914 arediit
388 843 643 924 domiciliumque
664 839 853 926 Magnesiae
880 840 941 906 sibi
963 842 1134 908 constituit.
1169 864 1310 926 namque
1345 834 1346 860 ³

274 941 358 1006 hanc
378 937 490 1004 urbem
511 935 540 1001 ei
562 957 619 1000 rex
636 934 781 1011 donarat,
804 933 855 998 his
877 935 1006 1018 quidam
1026 934 1146 1000 verbis:
1172 956 1255 1018 quae
1279 937 1311 1000 ei

274 1055 390 1120 panem
415 1029 579 1117 praeberet
605 1027 660 1112 (ex
686 1049 750 1112 qua
775 1028 904 1114 regione
935 1030 1164 1115 quinquaginta
1189 1029 1310 1095 talenta
1344 1050 1347 1124 j

275 1125 442 1210 quotannis
459 1122 633 1208 redibant);
651 1123 868 1208 Lampsacum
886 1133 1001 1202 autem,
1024 1125 1108 1188 unde
1126 1124 1235 1188 vinum
1254 1147 1310 1190 su·
1346 1127 1347 1136 ’

275 1228 388 1297 meret;
410 1217 562 1303 Myrmta,
586 1239 626 1282 ex
644 1238 707 1300 qua
724 1218 890 1303 opsonium
908 1217 1047 1284 haberet.
1078 1218 1172 1282 huius
1192 1219 1233 1282 ad
1250 1242 1311 1284 no·
1347 1266 1348 1306 ,

275 1323 372 1379 stram
394 1312 578 1378 memoriam
599 1321 802 1377 monumenta
823 1321 1007 1378 manserunt
1024 1313 1102 1378 duo:
1126 1312 1310 1397 sepulcrum
1347 1307 1348 1360 l

274 1431 372 1495 prope
387 1408 547 1494 oppidum,
566 1407 601 1472 in
613 1429 675 1492 quo
690 1417 737 1473 est
751 1408 892 1493 sepultus
897 1433 906 1487 3
926 1417 1030 1473 statua
1046 1408 1080 1472 in
1093 1407 1161 1472 foro
1170 1407 1311 1494 Magne-

240 1524 257 1570 4
276 1504 351 1570 siae.
379 1504 419 1569 de
437 1503 526 1568 cuius
544 1512 644 1568 morte
661 1503 853 1568 multimodis
871 1504 957 1588 apud
973 1503 1140 1589 plerosque
1155 1503 1312 1586 scriptum
1348 1480 1349 1562 l

276 1607 339 1676 est3
367 1597 424 1662 sed
444 1619 502 1662 nos
525 1596 661 1658 eundem
682 1597 881 1679 potissimum
899 1597 1119 1682 Thucydidem
1146 1605 1312 1661 auctorem

273 1690 454 1776 probamus,
473 1688 528 1771 qui
544 1687 634 1751 illum
647 1687 691 1752 ait
698 1687 886 1772 Magnesiae
899 1690 1010 1756 morbo
1028 1699 1187 1756 mortuum
1202 1711 1313 1773 neque

274 1791 370 1868 negat
386 1779 486 1846 fuisse
503 1779 632 1856 famam,
649 1801 807 1843 venenum
825 1803 884 1848 sua
901 1793 1012 1866 sponte
1030 1785 1214 1868 sumpsisse,
1233 1805 1314 1848 cum

276 1898 320 1951 se,
338 1895 420 1957 quae
432 1873 501 1958 regi
513 1872 553 1937 de
564 1868 699 1936 Graecia
712 1872 918 1957 opprimenda
929 1873 1088 1958 pollicitus
1102 1887 1197 1953 esset,
1215 1898 1316 1961 prae·
1350 1912 1351 1938 t

241 1990 257 2036 a
276 1977 359 2031 stare
376 1987 471 2052 posse
488 1966 677 2050 desperaret.
708 1965 792 2031 idem
809 1987 884 2031 ossa
902 1966 969 2032 eius
988 1966 1070 2031 clam
1087 1967 1122 2030 in
1138 1967 1249 2034 Attica
1267 1969 1316 2034 ab

276 2059 386 2126 amieis
406 2059 543 2144 sepulta,
566 2059 716 2143 quoniam
732 2058 866 2154 legibus
879 2081 944 2124 non
960 2060 1195 2138 concederetur,
1219 2062 1321 2143 quod

276 2153 462 2240 proditionis
481 2162 566 2220 esset
583 2153 760 2232 damnatus,
779 2153 947 2218 memoriae
964 2153 1110 2239 prodidit

591 2373 654 2439 III.
689 2371 988 2440 ARISTIDES.

243 2551 256 2598 1
326 2527 354 2591 Ι.
389 2523 562 2601 Aristides,
585 2524 772 2610 Lysimachi
797 2525 895 2602 filius,
918 2523 1138 2602 Atheniensis,
1167 2526 1315 2610 aequalis

275 2621 344 2686 fere
364 2619 426 2685 fuit
443 2618 657 2683 Themistocli
688 2619 794 2701 itaque
816 2639 889 2684 cum
911 2640 950 2683 eo
972 2619 1012 2684 de
1033 2619 1211 2704 principatu
1233 2641 1317 2684 con-

243 2736 258 2784 a
277 2715 389 2781 tendit:
408 2734 545 2796 namque
562 2711 774 2778 obtrectarunt
790 2713 872 2778 iuter
889 2734 933 2778 se.
960 2713 995 2777 in
1011 2713 1061 2778 his
1080 2723 1187 2778 autem
1200 2714 1315 2800 cogni-

276 2820 345 2874 tum
362 2817 420 2884 est,
439 2814 556 2890 quanto
573 2815 743 2871 antestaret
760 2806 938 2890 eloquentia
955 2807 1161 2874 innocentiae.
1197 2829 1314 2890 quam-

277 2923 374 2985 quam
391 2899 475 2964 enim
492 2900 572 2964 adae
590 2899 764 2965 excellebat
776 2899 936 2967 Aristides
954 2901 1153 2979 abstinentia,
1171 2910 1208 2966 ut
1224 2924 1313 2966 unus

276 3002 350 3081 post
370 2992 533 3058 hominum
555 2993 750 3071 memoriam,
768 3015 863 3078 quem
881 2995 1010 3079 quidem
1026 3017 1085 3061 nos
1103 2995 1315 3072 audierimus,

277 3086 465 3174 cognomine
485 3085 596 3152 Iustus
623 3087 665 3150 sit
690 3088 879 3172 appellatus,
906 3098 1026 3165 tamen,
1053 3111 1073 3152 a
1094 3087 1315 3153 Themistocle

278 3181 518 3257 collabefactus,
541 3181 656 3246 testula
673 3181 728 3246 illa
745 3183 838 3248 exilio
856 3184 967 3248 decern
984 3205 1138 3248 annorum
1156 3181 1314 3246 multatus

243 3296 259 3342 3
278 3285 336 3341 est.
362 3275 418 3358 qui
435 3274 563 3358 quidem
577 3297 650 3340 cum
667 3275 863 3362 intelligeret,
881 3275 1010 3359 reprimi
1022 3276 1210 3341 concitatam
1227 3276 1315 3340 mul-

276 3369 444 3434 titudinem
460 3388 524 3432 non
540 3389 645 3454 posse,
664 3370 842 3451 cedensque
860 3369 1132 3434 animadvertisset
1149 3369 1314 3453 quendam

278 3461 480 3537 scribentem,
502 3470 538 3526 ut
558 3463 660 3548 patria
675 3461 857 3548 pelleretur,
880 3462 1044 3544 quaesisse
1067 3462 1108 3528 ab
1126 3485 1165 3530 eo
1183 3463 1314 3540 dicitur,

277 3575 374 3640 quare
403 3554 437 3620 id
462 3554 593 3633 faceret,
621 3563 675 3622 aut
701 3553 778 3636 quid
802 3552 963 3620 Aristides
995 3556 1220 3634 commisisset,
1253 3579 1314 3620 cur

242 3669 259 3716 4
277 3657 363 3715 tanta
378 3671 481 3735 poena
498 3649 614 3733 dignus
632 3647 807 3712 duceretur.
843 3648 895 3713 cui
915 3649 968 3713 ille
985 3651 1147 3735 respondit
1165 3672 1200 3714 se
1217 3650 1314 3735 ignc-

276 3766 346 3810 rare
367 3742 546 3817 Aristiden,
574 3739 631 3804 sed
658 3738 804 3806 sibinen
829 3741 968 3827 placere,
995 3743 1081 3826 quod
1103 3752 1169 3808 tam
1191 3744 1312 3828 cupide

244 3837 485 3910 salaborasset,
498 3842 549 3910 ¹ut
574 3842 698 3919 praeter
723 3845 843 3902 ceteros
865 3837 974 3902 Iustus
1001 3837 1218 3922 appellaretur.
1255 3838 1313 3902 hic

277 3932 387 3996 decem
419 3948 572 3994 annorum
601 3927 775 4015 legitimam
800 3952 935 4016 poenam
960 3953 1024 3997 non
1049 3931 1186 4016 pertulit.
1230 3953 1313 3996 nam

277 4032 447 4110 postquam
476 4021 605 4088 Xerxes
640 4023 674 4088 in
700 4021 868 4090 Graeciam
902 4024 1077 4103 descendit,
1114 4033 1204 4090 sexto
1239 4023 1314 4088 fere
