2732 4722
220 271 226 276 ’
297 283 339 348 46
630 289 816 349 cosnnnn
829 291 991 350 NEPOTIS

191 409 192 412 ’
298 431 384 476 marn
409 407 553 472 militum.
589 405 704 489 quibus
731 405 839 470 fretus
854 405 1320 494 conflixit-adversariorumque

298 503 502 568 multamilia
519 501 668 576 concidit,
687 521 760 563 cum
778 501 817 563 de
834 500 935 584 ipsius
953 499 1092 564 exercitu
1108 523 1172 567 non
1189 505 1320 588 amplius

297 598 460 662 hominum
476 595 561 659 mille
584 593 757 658 cecidisset.
789 613 884 676 quam
903 593 943 658 ob
962 615 1108 658 caussam
1128 604 1258 680 postero
1276 601 1321 664 die

263 709 281 754 4
298 701 461 776 tropaeum
472 689 587 774 posuit,
607 708 670 769 quo
686 687 756 750 loco
769 686 870 771 pridie
882 697 1058 772 pugnatum
1072 699 1146 754 erat.
1165 691 1240 754 hinc
1255 715 1321 758 cum

300 794 402 850 castra
419 783 570 848 movisset
589 800 773 864 semperque
790 780 918 845 inferior
935 781 1047 866 copiis,
1067 783 1209 867 superior
1226 788 1321 852 omni·

297 880 358 944 bus
371 877 498 962 proeliis
512 874 695 949 discederet,
714 875 800 955 quod
813 895 985 956 numquam
999 895 1127 940 menum
1137 891 1321 960 consereret,

296 973 358 1036 nisi
380 991 452 1035 cum
474 967 669 1032 adversarios
692 965 834 1030 locorum
856 968 1010 1053 angustiis
1033 969 1212 1049 clausisset,
1242 976 1322 1057 quod

265 1090 280 1136 5
297 1065 397 1150 perito
414 1063 579 1154 regionum
593 1059 766 1144 callideque
780 1061 930 1146 cogitanti
948 1084 1042 1147 saepe
1060 1061 1238 1130 accidebat:
1258 1066 1322 1132 Au-

296 1158 507 1243 tophrodates,
522 1177 594 1220 cum
603 1153 720 1218 bellum
730 1153 804 1218 duci
816 1155 933 1220 maiore
945 1156 1030 1242 regis
1045 1157 1220 1223 calamitate
1230 1181 1322 1244 quan

297 1250 548 1316 adversariorum
564 1247 695 1326 videret,
716 1247 785 1334 [ad]
804 1269 916 1334 pacem
934 1251 1164 1335 amicitiamque
1181 1252 1323 1319 hortatus

263 1368 278 1415 o
297 1355 359 1424 est,
382 1354 417 1410 ut
435 1366 509 1410 cum
525 1365 601 1432 rege
617 1345 651 1408 in
668 1344 801 1428 gratiam
818 1343 940 1408 rediret.
968 1365 1063 1428 quam
1080 1345 1133 1410 ille
1151 1347 1210 1412 etsi
1228 1349 1339 1412 fidam*

296 1461 360 1505 non
376 1440 444 1504 fore
461 1439 601 1526 putabat,
621 1446 726 1500 temen
739 1437 948 1502 conditionem
963 1440 1083 1523 accepit
1102 1433 1199 1524 seque
1211 1443 1253 1504 ad
1261 1441 1325 1506 Ar-

297 1543 458 1598 taxerxem
479 1533 600 1618 legatos
622 1530 793 1594 missurum
816 1531 904 1595 dixit.
937 1532 982 1597 sic
1004 1532 1135 1610 bellum,
1160 1535 1248 1619 quod
1269 1559 1324 1600 rex

296 1628 446 1691 adversus
456 1625 615 1688 Datamen
630 1633 819 1708 susceperat,
839 1619 982 1690 sedatum
991 1635 1047 1690 est.
1066 1625 1325 1714 Autophrodates

294 1719 328 1781 in
344 1717 518 1803 Phrygiam
537 1737 571 1780 se
587 1717 714 1800 recepit.
1338 1711 1339 1726 ¹

262 1835 276 1881 1
345 1809 410 1876 IX.
438 1810 484 1876 At
501 1831 567 1886 rex,
586 1811 672 1892 quod
688 1811 886 1894 implacabile
904 1813 1011 1876 odium
1028 1814 1062 1876 in
1074 1814 1237 1878 Datamen
1257 1838 1327 1880 sus-

295 1915 432 1988 ceperat,
455 1912 624 1988 postquam
641 1902 724 1967 bello
743 1925 815 1966 eum
833 1905 967 1988 opprimi
984 1927 1048 1968 non
1068 1927 1164 1988 posse
1182 1909 1339 1988 animad-l

293 1997 394 2074 vertit,
409 1997 530 2062 insidiis
539 1997 713 2080 interficere
723 1997 856 2074 studuit3
875 2018 954 2079 quas
961 1996 1016 2060 ille
1024 1997 1191 2080 plerasque
1200 1989 1339 2076 vitavit}

261 2113 276 2160 2
296 2092 377 2156 sicut
394 2113 467 2155 cum
485 2091 514 2153 ei
530 2089 708 2164 nuntiatum
726 2099 819 2168 esset,
838 2089 994 2173 quosdam
1011 2089 1072 2155 sibi
1088 2089 1245 2166 insidiari,
1272 2093 1332 2174 qui

293 2185 328 2248 in
345 2184 516 2248 amicorum
534 2191 623 2246 erant
639 2203 779 2258 numero,
798 2183 837 2246 de
854 2181 979 2264 quibus,
998 2183 1083 2264 quod
1099 2181 1218 2245 inimici
1231 2183 1331 2248 detu-

294 2277 408 2354 lerunt,
427 2298 529 2360 neque
548 2276 739 2340 credendum
755 2295 858 2358 neque
875 2274 1100 2359 negligendum
1115 2273 1251 2358 putavit,
1274 2297 1339 2338 err-1

261 2373 388 2457 aperiri
409 2373 522 2448 voluit,
545 2393 657 2435 verum
678 2369 836 2434 falsumne
859 2367 919 2433 sibi
937 2375 1022 2432 esset
1042 2367 1185 2431 relatum.
1216 2366 1325 2450 itaque

294 2485 332 2527 eo
350 2463 510 2547 profectus
530 2471 592 2538 est,
614 2464 648 2525 in
666 2483 729 2543 quo
746 2463 857 2526 itinere
879 2461 1002 2524 futuras
1020 2460 1150 2524 insidias
1168 2459 1339 2552 dixerant]

295 2556 351 2621 sed
368 2555 464 2640 elegit
487 2575 616 2638 corpore
639 2575 677 2616 ac
695 2562 814 2618 statura
832 2553 1025 2617 simillimum
1048 2555 1098 2618 sui
1120 2554 1211 2637 eique
1230 2554 1339 2644 vesti-j

293 2659 361 2715 tum
380 2673 472 2716 suum
494 2649 580 2712 dedit
601 2656 695 2730 atque
718 2669 755 2711 eo
773 2647 842 2711 loco
859 2647 920 2724 ire,
939 2669 1001 2730 quo
1019 2648 1088 2732 ipse
1106 2656 1321 2724 consueverat,

293 2745 394 2810 iussit.
421 2744 489 2828 ipse
508 2749 738 2807 autemornatu
751 2741 928 2823 vestituque
941 2741 1068 2805 militari
1084 2742 1166 2806 inter
1183 2743 1321 2828 corporis

259 2860 276 2904 4
294 2838 440 2901 custodes
462 2837 522 2900 iter
542 2835 647 2898 facere
670 2833 781 2918 coepit.
813 2843 846 2897 at
866 2835 1078 2912 insidiatorem
1101 2845 1275 2920 postquam
1292 2837 1321 2898 in

293 2953 366 2994 eum
388 2931 493 2992 locum
516 2949 632 3013 agmen
648 2929 804 3014 pervenit,
828 2929 951 3014 decepti
968 2930 1076 2994 ordine
1094 2940 1189 3014 atque
1205 2931 1320 2996 vestitu

292 3023 444 3106 impetum
461 3021 495 3083 in
509 3043 581 3084 eum
599 3021 728 3099 faciunt,
748 3021 803 3106 qui
821 3023 1002 3108 suppositus
1021 3033 1096 3088 erat.
1123 3025 1319 3109 praedixerat

293 3125 398 3180 autem
419 3114 459 3178 iis
481 3115 651 3192 Datames,
679 3137 752 3180 cum
774 3116 888 3198 quibus
911 3117 970 3181 iter
986 3116 1137 3195 faciebat,
1164 3127 1200 3180 ut
1221 3115 1319 3202 parati

259 3231 274 3278 5
293 3217 398 3274 essent
411 3209 524 3287 facere,
543 3211 629 3294 quod
646 3210 751 3294 ipsum
765 3211 926 3276 vidissent.
955 3211 1032 3294 ipse,
1051 3219 1087 3274 ut
1100 3213 1330 3276 concurrentes*

292 3303 491 3368 insidiatores
514 3304 747 3379 animadvertit,
771 3303 834 3368 tela
855 3304 961 3367 ineos
980 3303 1122 3368 coniecit.
1153 3304 1213 3369 hoc
1234 3303 1320 3366 idem

292 3419 364 3462 cum
392 3397 532 3461 universi
558 3396 716 3472 fecissent,
743 3397 927 3480 priusquam
953 3397 1152 3480 pervenirent
1173 3397 1215 3462 ad
1238 3418 1317 3471 eum,

293 3511 387 3572 quem
405 3487 536 3574 aggredi
553 3487 710 3564 volebant,
730 3487 846 3552 confixi
863 3489 1073 3554 conciderunt.

259 3605 273 3651 1
342 3581 388 3646 X.
416 3582 481 3644 Hic
494 3591 600 3646 tamen
613 3589 677 3646 tam
691 3580 822 3645 callidus
840 3581 889 3645 vir
901 3590 1040 3648 extremo
1052 3592 1194 3670 ternpore
1208 3591 1317 3670 captus

292 3683 340 3741 est
348 3673 550 3751 Mithridatis,
569 3672 794 3739 Ariobarzanis
811 3673 876 3752 tilii,
895 3675 977 3740 dolo.
996 3685 1140 3761 'namque
1153 3678 1181 3742 is
1199 3675 1317 3762 pollici-

291 3779 343 3834 tus
361 3777 410 3832 est
426 3768 509 3853 regi,
533 3789 567 3832 se
586 3791 659 3832 enm
676 3767 925 3846 interfecturum,
949 3770 977 3834 si
995 3771 1024 3834 si
1040 3793 1096 3835 rex
1113 3771 1314 3855 permitteret,

291 3872 335 3940 ut,
354 3863 574 3946 quodcumque
592 3861 695 3937 vellet,
713 3861 821 3925 liceret
837 3861 965 3946 impune
982 3863 1085 3928 facere
1103 3863 1263 3948 fidemque
1280 3862 1315 3924 de
1338 3891 1339 3930 t

258 3978 273 4026 2
292 3978 330 4020 ea
346 3979 380 4020 re
398 3979 484 4022 more
502 3953 672 4020 Persarum
688 3955 817 4020 dextera
834 3957 982 4022 dedisset.
1009 3957 1090 4023 hanc
1107 3967 1142 4022 ut
1159 3958 1315 4042 accepite

291 4069 366 4134 rege
384 4051 529 4128 missam,
552 4051 658 4136 copias
680 4059 770 4135 parat
788 4060 819 4116 et
836 4050 951 4117 absens
973 4053 1142 4118 amicitiam
1160 4075 1234 4118 cum
1251 4051 1316 4118 Da·
1338 4069 1339 4112 1
