2732 4722
524 253 629 308 DION.
1045 243 1085 306 31

57 370 237 436 munierum
254 368 356 434 fuerat
373 367 519 452 imperio,
541 365 673 430 liberata
695 374 750 430 est.
779 367 890 434 Conon
908 390 980 434 oum
996 378 1085 454 parte
1104 387 1122 435 5

58 464 189 528 navium
202 463 236 526 in
248 463 382 548 patriam
395 461 489 537 venit,
503 481 609 526 muros
624 459 743 524 dirutos
758 457 965 543 aLysandro,
984 471 1086 528 utros-
1180 459 1182 464 ’

59 578 121 640 que
144 564 175 620 et
191 554 298 620 Piraei
320 565 351 619 et
371 553 583 630 Athenarum,
606 553 791 618 reficiendos
813 563 901 618 curat
920 556 1087 638 pecuniae-

59 671 121 733 que
143 649 371 734 quinquaginta
393 649 522 725 talenta,
545 669 627 731 quae
649 645 894 712 aPharnabazo
915 659 1086 731 acceperat,

59 742 181 808 civibus
200 742 265 808 suis
284 743 388 808 donat.

109 835 151 902 V.
177 834 305 902 Accidit
321 836 408 912 huic,
431 835 517 919 quod
539 835 649 900 ceteris
672 835 871 912 mortalibus,
894 843 930 900 ut
951 835 1119 901 incoram-1

59 929 195 996 deratior
210 929 244 994 in
265 929 404 996 secunda
425 950 520 1012 quam
541 929 574 992 in
591 928 724 992 adversa
746 938 831 994 esset
852 929 987 994 fortuna
1013 951 1088 992 nam

60 1023 160 1088 classe
173 1021 473 1108 Peloponnesiorum
487 1021 611 1086 devicta
628 1043 700 1086 cum
713 1021 814 1086 ultum
832 1043 866 1087 se
884 1021 1013 1088 iniurias
1031 1041 1088 1106 pa-

60 1116 138 1182 triae
158 1124 295 1200 putaret,
316 1115 408 1199 plura
430 1115 609 1198 concupivit
630 1136 726 1196 quam
748 1115 871 1180 efficere
894 1115 1005 1201 potuit.
1031 1130 1120 1178 ne-2

60 1231 123 1291 que
140 1217 245 1274 tamen
266 1230 305 1274 ea
321 1229 385 1272 non
406 1207 460 1292 pia
477 1216 508 1272 et
529 1205 692 1290 probanda
712 1205 852 1284 fuerunt,
875 1208 960 1291 quod
980 1207 1086 1293 potius

59 1301 178 1386 patriae
191 1323 268 1386 opes
283 1301 392 1386 augeri
406 1322 501 1383 quam
515 1298 599 1384 regis
616 1298 735 1362 maluit.
763 1322 836 1362 nam
854 1321 926 1362 cum
938 1323 1088 1385 magnam

60 1396 276 1462 auctoritatem
299 1395 359 1460 sibi
380 1416 489 1480 pugna
509 1392 563 1456 illa
584 1392 702 1469 navali,
725 1413 821 1474 quam
842 1393 928 1477 apud
949 1391 1088 1457 Cnidum

59 1489 190 1566 fecerat,
209 1488 422 1562 constituisset
438 1509 503 1552 non
520 1486 622 1550 solum
638 1486 719 1550 inter
735 1485 900 1562 barbaros,
920 1485 977 1550 sed
994 1485 1088 1550 etiam

59 1605 169 1648 omnes
188 1579 331 1648 Graecae
348 1581 499 1658 civitates,
518 1580 598 1644 clam
616 1580 689 1644 dare
707 1601 835 1664 operam
853 1579 965 1664 coepit,
983 1589 1019 1644 ut
1035 1579 1089 1644 Io-

58 1676 146 1738 niam
164 1684 195 1739 et
207 1674 354 1740 Aeoliam
371 1675 546 1738 restitueret
558 1671 815 1738 Atheniensibus.
842 1672 876 1736 id
894 1693 967 1736 eum
983 1673 1087 1737 minus
1106 1693 1121 1739 3

16 1811 19 1848 :
60 1767 227 1852 diligenter
240 1777 324 1832 esset
337 1767 480 1844 celatum,
499 1765 675 1844 Tiribazus,
695 1767 749 1850 qui
763 1765 917 1832 Sardibus
934 1777 1087 1851 praeerat,

60 1858 225 1924 Cononem
247 1861 402 1937 evocavit,
430 1860 597 1937 simulans,
621 1860 662 1924 ad
682 1882 790 1945 regem
813 1881 886 1924 eum
908 1881 943 1923 se
965 1859 1087 1924 mittere

16 2001 21 2032 1,
59 1953 139 2018 velle
155 1975 273 2039 magna
290 1954 329 2018 de
346 1976 390 2020 re.
417 1954 511 2018 huius
529 1955 640 2019 nuntio
657 1977 772 2039 parens
791 1975 863 2018 cum
879 1953 1031 2030 venisset,
1054 1953 1088 2016 in

15 2092 20 2128 5
58 2046 161 2112 vinela
179 2047 338 2112 coniectus
357 2057 415 2125 est,
432 2049 466 2112 iu
483 2048 598 2132 quibus
613 2047 805 2132 aliquamdiu
822 2046 891 2112 fuit.
918 2046 991 2112 inde
1009 2066 1122 2113 non-4

58 2139 135 2204 nulli
157 2162 231 2206 eum
249 2141 290 2204 ad
311 2162 420 2225 regem
441 2141 613 2206 abductum
634 2141 741 2223 ibique
764 2162 837 2204 eum
858 2140 989 2224 periisse
1012 2141 1087 2206 scri-

15 2277 17 2311 5
56 2242 148 2316 ptum
159 2232 361 2315 reliquerunt.
389 2242 497 2298 contra
510 2255 548 2298 ea
560 2233 671 2297 Dinon
682 2233 860 2308 historicus,
880 2232 930 2296 cui
942 2254 1000 2296 nos
1018 2233 1088 2318 plu-

14 2384 18 2406 .·
55 2326 175 2390 rimum
196 2323 236 2388 de
253 2324 391 2390 Persicis
412 2325 506 2392 rebus
529 2326 699 2402 credimus,
722 2325 873 2410 effugisse
892 2325 1029 2412 scripsit3
1051 2326 1089 2388 il-

55 2417 117 2480 lud
138 2415 314 2495 addubitat,
337 2427 442 2482 utrum
460 2417 608 2485 Tiribazo
631 2419 748 2486 sciente
771 2442 811 2484 an
832 2419 1029 2505 imprudente
1048 2419 1088 2484 sit

55 2510 188 2576 factum.

453 2715 500 2781 X.
535 2714 692 2782 DION.

109 2882 137 2946 1.
163 2882 264 2962 Dion,
288 2883 458 2970 Hipparini
475 2885 573 2964 filius,
597 2883 830 2971 Syracusanus,
853 2883 951 2950 nobili
972 2903 1086 2972 genere
1107 2905 1120 2950 1

56 2985 167 3053 natus,
188 2987 320 3062 utraque
341 2980 519 3065 implicatus
541 2981 705 3064 tyrannide
726 2979 963 3064 Dionysiorum.
999 3003 1088 3044 nam-

60 3089 126 3150 que
147 3069 198 3132 illc
220 3073 359 3156 superior
379 3073 638 3150 Aristomachen,
663 3095 804 3141 sororem
825 3071 954 3148 Dionis,
978 3071 1088 3137 habuit

56 3161 94 3226 in
120 3162 330 3244 matrimonio,
358 3189 399 3232 ex
422 3189 485 3250 qua
510 3168 590 3232 duos
611 3167 707 3244 filios,
734 3163 947 3248 Hipparinum
969 3172 1001 3227 et
1020 3163 1087 3250 Ny-

58 3276 179 3334 saeum‚
197 3261 381 3342 procreavit,
400 3261 591 3344 totidemque
609 3261 699 3338 filias,
717 3257 843 3324 nomine
861 3253 1087 3341 Sophrosynen

60 3357 94 3411 et
116 3347 250 3429 Areten,
278 3375 411 3436 quarum
436 3355 572 3439 priorem
597 3353 754 3438 Dionysio
780 3351 859 3430 filio,
891 3351 1008 3427 eidem,
1036 3349 1087 3414 cui

58 3463 192 3528 regnum
212 3446 351 3531 reliquit,
378 3458 511 3533 nuptum
533 3449 631 3525 dedit,
655 3448 798 3524 alteram,
820 3444 955 3523 Areten,
978 3443 1086 3510 Dioni.

55 3535 147 3602 Dion
160 3547 266 3606 autem
278 3550 402 3626 praeter
414 3541 552 3608 nobilem
565 3541 830 3627 propinquitatem
839 3562 1087 3626 generosamque
1106 3557 1121 3602 2

56 3630 213 3698 maiorum
230 3634 349 3700 famam
365 3636 465 3700 multa
481 3635 543 3701 alia
560 3635 600 3701 ab
618 3644 729 3700 natura
745 3634 856 3701 habuit
872 3634 969 3710 bona,
988 3635 1022 3697 in
1038 3633 1088 3694 hia

54 3723 221 3810 ingenium
239 3727 350 3807 docile,
373 3750 472 3807 come,
491 3738 599 3815 aptum
618 3730 659 3796 ad
676 3738 759 3794 artes
777 3728 922 3814 optimas,
940 3745 1088 3810 magnam

56 3817 196 3901 corporis
210 3820 405 3906 dignitatem,
419 3845 500 3906 quae
513 3845 576 3888 non
588 3823 754 3886 minimum
763 3819 1008 3890 commendatur,
1021 3837 1089 3878 ma

55 3931 140 3994 gnus
157 3922 319 3996 praeterea
336 3916 460 3982 divitias
479 3925 603 4001 epatre
619 3915 758 3990 relictas,
782 3934 860 3994 quaa
878 3910 947 3994 ipse
964 3908 1088 3995 tyranni

54 4004 240 4074 muneribus
263 4018 402 4078 aruerat.
435 4019 501 4076 erat
521 4009 649 4074 intimus
671 4004 829 4092 Dionysio
851 4001 960 4090 priori,
987 4019 1124 4088 nequas
