2732 4722
305 281 350 345 40
643 281 827 340 CORNELII
838 277 998 338 NEPOTIS

303 406 472 493 pecuniam
480 408 675 467 numeratam
688 398 871 483 accepisset,
889 393 983 461 ille
956 417 1040 460 cives
1057 415 1131 462 suos
1146 417 1222 482 agro
1236 403 1326 481 atque

306 499 437 565 urb1bus
447 517 555 583 angen
545 494 673 558 maluit
661 503 776 576 quam
785 491 819 555 rd
828 513 961 568 sumere
968 507 1058 555 cums
1067 499 1189 576 partem
1198 491 1327 556 domum

308 617 399 658 suam
424 592 506 656 ferre
532 597 650 674 posset.
686 587 790 669 itaque
817 585 938 670 accepit
925 583 1084 648 tCrithot
1072 593 1125 648 ten
1142 593 1173 648 et
1191 582 1330 649 Sestum.

256 696 288 757 '1
358 687 402 750 Π.
430 685 520 748 Idem
534 682 627 746 classi
639 680 777 764 praefect
778 701 815 742 us
765 677 1065 742 tcircumvehens
1078 677 1330 762 Peloponnesum

305 781 488 846 Laconicen
512 777 680 862 populatus
706 775 841 837 classem
866 793 974 836 eorum
991 773 1123 857 fugavit.
1160 771 1330 856 Corcyram

307 874 367 938 sub
384 872 551 956 imperium
567 867 811 933 Atheniensium
827 866 964 951 redegit,
988 867 1154 950 sociosque
1175 867 1260 930 idem
1279 867 1332 932 ad-

306 967 408 1032 iunxit
424 965 581 1049 Epirotas,
600 961 807 1036 Athamanas,
828 959 977 1024 Chaonas
995 981 1166 1043 omnesque
1184 981 1237 1024 eas
1256 983 1332 1046 gen-

272 1084 288 1130 a
307 1072 368 1137 tes,
395 1077 587 1142 qnaepmare
609 1053 688 1118 illud
709 1054 860 1118 adiacent.
897 1074 960 1136 quo
982 1053 1066 1118 facto
1088 1054 1332 1120 Lacedaemonii

307 1157 347 1218 de
364 1151 484 1216 diutina
500 1149 697 1214 contentione
710 1148 895 1212 destiterunt
912 1157 943 1212 et
961 1169 1020 1212 sua
1038 1157 1148 1232 sponte
1160 1146 1333 1213 Athenien-
1361 1140 1362 1146 ἵ

257 1295 262 1305 .
308 1247 395 1310 sibus
418 1244 541 1329 imperii
562 1241 709 1306 maritimi
730 1239 940 1326 principatum
966 1250 1187 1306 concesserunt
1207 1264 1333 1327 pacem-

307 1361 369 1424 que
386 1339 435 1402 his
454 1336 578 1424 legibus
596 1335 835 1412 constituerunt,
858 1344 893 1398 ut
910 1333 1122 1400 Athenienses
1140 1335 1219 1399 mari
1235 1335 1333 1400 duces

308 1441 424 1498 essent
451 1453 532 1516 quae
553 1431 684 1496 victoria
701 1430 805 1494 tantae
827 1428 887 1492 fnit
903 1427 1020 1493 Atticis
1042 1429 1191 1507 laetitiae,
1214 1438 1248 1493 ut
1264 1439 1335 1493 tum

307 1527 444 1611 primum
466 1545 538 1590 arae
555 1523 633 1587 Paci
650 1522 775 1606 publice
798 1522 860 1585 sint
881 1522 997 1601 factae,
1021 1523 1111 1606 eique
1133 1524 1211 1588 deae
1231 1523 1337 1608 pulvi-

275 1643 290 1688 s
308 1644 366 1684 nar
384 1621 425 1684 sit
441 1620 627 1682 institutum.
655 1616 744 1678 cuius
762 1615 864 1679 landis
882 1626 917 1679 ut
935 1617 1086 1681 memoria
1102 1626 1256 1694 maneret,
1282 1617 1334 1680 Ti-

308 1714 433 1777 motheo
446 1712 570 1797 publice
585 1715 718 1771 statuam
731 1708 764 1769 in
778 1708 846 1772 foro
863 1720 1044 1792 posuenmt.
1071 1710 1126 1794 qui
1143 1711 1243 1774 honos
1262 1710 1335 1774 huic

308 1807 364 1870 uni
386 1815 456 1870 ante
477 1805 510 1866 id
532 1812 655 1883 tempus
678 1800 821 1884 contigit,
844 1809 892 1875 ut,
916 1823 989 1864 cum
1010 1805 1092 1885 patri
1112 1804 1248 1887 populus
1275 1813 1336 1867 sta

308 1909 394 1960 tuam
405 1896 571 1978 posuisset,
589 1892 654 1955 filio
672 1913 797 1973 quoque
810 1891 906 1955 daret.
939 1895 984 1955 sic
1001 1895 1088 1957 iuxta
1104 1897 1208 1978 posita
1224 1919 1337 1962 recens

307 1990 363 2051 filii
380 1995 517 2048 veterem
534 1984 631 2068 patris
649 1983 811 2046 renovavit
827 1984 1020 2047 memoriam.

275 2104 289 2148 1
358 2077 420 2141 III.
446 2076 512 2141 Hic
529 2099 602 2140 cum
624 2085 709 2140 esset
726 2099 841 2162 magno
863 2086 939 2140 natu
956 2086 988 2141 et
1004 2077 1206 2162 magistratus
1223 2101 1342 2163 gerere

308 2172 451 2249 desisset,
469 2171 552 2236 bello
565 2170 776 2235 Athenienses
794 2172 933 2254 undique
944 2173 1045 2256 premi
1058 2181 1132 2237 sunt
1148 2173 1260 2257 coepti.
1280 2175 1345 2235 de-

308 2266 425 2331 fecerat
439 2263 571 2342 Samum
589 2265 741 2329 descierat
753 2262 941 2349 Hellespont
942 2289 993 2343 us;
1011 2265 1176 2350 Philippus
1188 2265 1254 2328 iam
1267 2273 1340 2328 tum

308 2360 416 2422 valens
438 2359 573 2422 Macedo
595 2359 694 2421 multa
720 2357 919 2436 moliebatur,
947 2359 997 2422 cui
1027 2359 1188 2443 oppositus
1213 2355 1337 2422 Chares

274 2473 381 2520 acum
407 2460 504 2526 esset,
531 2471 595 2513 non
618 2451 694 2512 satis
715 2450 750 2512 in
772 2472 809 2514 eo
830 2451 980 2534 praesidii
1000 2451 1177 2535 putabatur.
1207 2450 1244 2514 fit
1264 2449 1337 2514 Me-

308 2544 457 2608 nestheus
474 2551 612 2628 praetor,
630 2541 712 2605 filius
731 2541 911 2625 Iphicratis,
929 2565 1028 2629 gener
1045 2543 1218 2621 Timothei,
1237 2553 1283 2620 et,
1301 2552 1335 2606 ut
1363 2535 1364 2584 l

309 2637 350 2702 ad
363 2636 480 2702 bellum
493 2635 717 2721 proficiscatur,
671 2635 919 2700 urdecernitur.
946 2636 1067 2702 huicin
1080 2637 1245 2702 consilium
1258 2637 1335 2700 dan-

308 2740 360 2794 tur
376 2731 440 2793 duo
452 2751 514 2793 usu
528 2682 741 2813 sapientiaqde
753 2738 958 2812 praestantes,
977 2751 1110 2813 quorum
1124 2730 1254 2794 consilio
1268 2737 1334 2792 ute-

308 2831 406 2900 retur,
424 2831 561 2906 pateret
579 2841 680 2897 socer,
700 2821 784 2904 quod
800 2821 834 2886 in
850 2821 900 2887 his
918 2832 1003 2888 tanta
1021 2833 1087 2902 erat
1103 2823 1282 2901 auotoritas,
1301 2833 1333 2885 ut

275 2937 426 3000 smagna
452 2936 524 2998 spes
547 2922 644 2990 esset,
670 2935 728 2998 per
753 2936 807 2980 eos
830 2916 948 2980 amissa
967 2937 1063 3001 posse
1083 2916 1271 3001 recuperari.
1300 2915 1333 2977 hi

310 3031 382 3073 cum
402 3006 534 3072 Samum
551 3006 683 3091 profecti
701 3017 806 3071 essent
824 3018 855 3071 et
873 3010 984 3073 eodem
998 3008 1118 3074 Chares
1136 3010 1262 3074 illorum
1280 3009 1332 3073 ad-

308 3111 405 3166 ventu
422 3101 548 3187 cognito
566 3122 638 3164 cum
657 3101 721 3164 suis
740 3101 839 3186 copiis
852 3099 1108 3187 proficisceretur,
1126 3125 1166 3166 ne
1184 3102 1263 3186 quid
1280 3101 1332 3166 ab·

310 3203 398 3260 sente
421 3217 455 3259 se
477 3203 603 3280 gestum
617 3191 797 3273 rideretur,
818 3197 946 3272 accidit,
968 3217 1041 3259 cum
1063 3197 1104 3260 ad
1124 3195 1261 3260 insulam
1279 3217 1331 3279 ap-

308 3291 561 3373 propinquarent,
579 3297 615 3351 ut
627 3311 742 3373 magna
754 3297 923 3371 tempestas
938 3299 1085 3365 oreretur,
1104 3310 1199 3372 quam
1217 3288 1331 3354 evitare

309 3384 371 3445 duo
388 3389 509 3445 veteres
531 3381 732 3466 imperatores
750 3381 826 3444 utile
843 3379 982 3446 arbitrati
999 3403 1089 3446 suam
1106 3383 1241 3447 classem
1259 3403 1334 3466 sup-

274 3496 291 3541 4
308 3485 497 3559 presserunt.
525 3485 557 3539 at
573 3477 626 3539 ille
649 3474 812 3552 temeraria
833 3495 911 3539 usus
932 3476 1051 3542 ratione
1072 3497 1136 3542 non
1154 3477 1250 3542 cessit
1267 3499 1333 3540 ma-

308 3567 410 3632 iorum
427 3577 502 3633 natu
520 3566 707 3642 auctoritati,
731 3575 774 3644 et,
797 3575 832 3630 ut
848 3567 882 3632 in
900 3591 957 3634 sua
979 3593 1075 3636 manu
1096 3579 1180 3635 esset
1196 3569 1331 3644 fortuna,

308 3682 372 3744 quo
390 3661 602 3734 contenderat,
625 3659 780 3742 pervenit,
804 3661 977 3746 eodemque
998 3673 1034 3727 ut
1052 3672 1270 3747 sequerentur,
1293 3661 1330 3726 ad

308 3753 510 3818 Timotheum
536 3759 567 3813 et
588 3751 778 3836 Iphicratem
803 3755 946 3820 nuntium
968 3757 1061 3820 misit
1095 3757 1169 3821 hinc
1194 3755 1278 3820 male
1299 3773 1330 3818 re

307 3854 411 3931 gesta,
439 3844 649 3930 compluribus
672 3847 797 3913 amissis
819 3849 967 3928 navibus,
992 3873 1043 3928 eo,
1065 3851 1150 3915 unde
1173 3859 1240 3914 erat
1259 3869 1331 3934 pro-

306 3939 422 4017 fectus,
447 3960 482 4003 se
503 3941 619 4025 recepit
639 3941 819 4028 litterasque
836 3941 979 4009 Athenas
1001 3943 1126 4029 publice
1148 3943 1248 4020 misit,
1272 3939 1329 4006 sibi

305 4031 445 4116 proclive
467 4033 566 4118 fuisse
585 4033 717 4100 Samum
740 4057 864 4120 capere,
887 4037 948 4102 nisi
970 4035 1173 4102 aTimotheo
1195 4045 1227 4101 et
1243 4033 1330 4120 Iphi·
