2758 4726
437 283 662 341 PELOPIDAS.
1021 279 1066 344 55

36 401 200 468 Cadmeae
216 399 416 485 occupandae
429 400 544 485 partim
557 401 745 479 occiderunt,
763 406 876 487 partim
887 408 921 470 in
934 407 1062 475 exilium

36 497 204 561 eiecerunt.

86 586 146 652 IV.
174 586 248 652 Hoc
267 597 332 651 tam
350 586 474 652 turbido
492 596 647 673 ternpore,
672 589 754 652 sicut
776 612 871 674 supra
888 591 1060 673 docuimus,
1081 615 1094 662 1

34 682 288 767 Epaminondas,
316 681 421 764 quoad
444 703 516 745 cum
538 681 660 746 civibus
683 683 866 747 dimicatum
889 694 950 763 est,
978 687 1063 753 domi

33 775 159 858 quietus
176 773 245 838 fuit.
273 774 377 857 itaque
395 774 473 838 haec
490 773 720 839 liberandarum
739 776 920 841 Thebarum
937 781 1064 864 propria

32 869 175 933 lausest
192 866 363 952 Pelopidae
369 892 377 945 3
406 876 527 932 ceterae
551 867 617 933 fere
636 891 819 935 communes
842 891 914 935 oum
931 871 1063 956 Epami-

33 961 149 1026 nonda.
176 982 312 1045 namque
326 961 497 1025 Leuctrica
513 983 622 1047 pugna
638 963 826 1048 imperatore
838 963 1062 1049 Epaminonda
1079 987 1095 1034 2

31 1054 86 1119 hio
102 1053 163 1118 fuit
180 1053 245 1118 dux
262 1053 402 1119 delectae
420 1077 547 1131 manus,
566 1077 647 1138 quae
663 1057 765 1140 prima
781 1057 972 1143 phalangem
989 1080 1062 1143 pro·

31 1147 327 1212 stravitLaconum.
355 1147 501 1212 omnibus
518 1158 680 1233 praeterea
696 1151 842 1234 periculis
857 1151 955 1216 affuit.
979 1154 1060 1218 siout
1079 1174 1094 1224 a

32 1240 183 1326 Spartam
206 1263 280 1306 cum
302 1242 512 1327 oppugnavit,
536 1242 668 1306 alterum
685 1244 785 1306 tenuit
802 1265 912 1322 cornu,
935 1268 1060 1330 quoque

31 1335 185 1401 Messena
202 1335 334 1400 celerius
352 1336 577 1412 restitueretur,
595 1335 719 1421 legatus
737 1337 771 1400 in
787 1337 904 1403 Persas
922 1349 971 1403 est
987 1362 1061 1423 pro-

29 1429 145 1503 fectus.
172 1430 307 1514 denique
320 1429 398 1494 haec
412 1429 472 1493 fuit
485 1429 583 1493 altera
594 1451 730 1515 persona
740 1430 869 1509 Thebis,
885 1433 941 1496 sed
954 1441 1060 1496 tamen

30 1524 173 1590 secunda
188 1524 241 1601 ita,
260 1533 296 1589 ut
311 1523 456 1608 proxima
474 1532 559 1588 esset
574 1523 825 1608 Epaminondae.

81 1618 125 1683 V.
154 1617 360 1683 Conflictatus
383 1627 489 1682 autem
506 1626 555 1683 est
577 1640 650 1682 oum
668 1619 802 1684 adversa
823 1619 957 1685 fortuna.
984 1643 1091 1691 nam1

25 1724 61 1776 et
85 1712 189 1788 initio,
217 1713 297 1776 siout
319 1712 527 1790 ostendimus,
554 1714 628 1778 exul
653 1715 755 1799 patria
777 1715 889 1800 caruit,
917 1726 961 1792 et,
986 1737 1058 1781 curn

26 1805 233 1872 Thessaliam
254 1806 288 1870 in
308 1815 495 1891 potestatem
517 1807 741 1874 Thebanorum
764 1819 891 1894 cuperet
916 1810 1058 1895 redigere

26 1899 259 1985 legationisque
276 1899 343 1964 iure
362 1900 438 1966 satis
457 1908 574 1966 tectum
592 1925 627 1968 se
640 1902 850 1982 arbitraretur,
870 1904 955 1988 quod
973 1903 1058 1989 apud

27 2015 141 2058 omnes
164 2003 274 2079 gentes
297 2003 442 2060 sanctum
465 2017 535 2060 esse
558 2005 755 2073 consuesset,
783 2019 803 2060 a
825 2006 957 2080 tyranno
979 1995 1058 2061 Ale-

25 2086 150 2151 xandro
158 2086 302 2151 Pheraeo
321 2087 416 2151 simul
434 2108 506 2150 cum
519 2087 659 2151 Ismenia
676 2088 920 2169 comprehensus
938 2091 972 2152 in
988 2091 1058 2153 vin-

25 2179 79 2244 cla
101 2180 261 2244 coniectus
290 2188 347 2242 est.
380 2178 465 2241 huno
486 2177 725 2260 Epaminondas
752 2181 948 2261 recuperavit
974 2180 1091 2248 bellos

22 2293 223 2358 persequens
237 2270 465 2334 Alexandrum.
492 2279 565 2353 post
581 2270 614 2333 id
627 2270 746 2334 factum
763 2291 936 2352 numquam
954 2270 1057 2334 animo

20 2365 149 2450 placari
166 2363 267 2447 potuit
284 2363 317 2427 in
335 2385 417 2439 eum,
436 2383 535 2446 aquo
553 2373 619 2428 erat
636 2363 779 2428 violatus.
806 2363 911 2447 itaque
928 2385 1059 2449 persua

1 2497 2 2522 r
21 2460 67 2522 sit
81 2455 252 2532 Thebanis,
270 2465 305 2520 ut
320 2455 459 2520 subsidio
469 2455 652 2520 Thessaliae
665 2451 935 2541 proficiscerentur
952 2449 1075 2544 tyran-⁴

1 2545 2 2548 ’
23 2569 151 2632 nosque
170 2548 237 2618 eius
256 2548 454 2633 expellerent.
488 2549 577 2613 ouius
596 2549 670 2614 belli
688 2573 761 2614 oum
779 2551 809 2615 ei
831 2575 955 2617 summa
972 2561 1056 2617 esset
1074 2573 1089 2621 a

25 2645 115 2719 data,
139 2661 240 2725 eoque
258 2663 331 2706 cum
349 2641 487 2707 exercitu
509 2642 670 2728 profectus
689 2653 786 2722 esset,
810 2667 874 2708 non
891 2644 1054 2722 dubitavit,

28 2733 121 2800 simul
140 2755 178 2798 ao
192 2735 356 2820 conspexit
372 2735 505 2813 hostem,
525 2735 702 2822 confligere.
729 2739 834 2820 inquo
851 2737 968 2821 proelio
977 2735 1056 2802 Ale-
1072 2756 1090 2803 4

28 2829 183 2892 xandrum
197 2837 233 2892 ut
250 2827 477 2906 animadvertit,
496 2829 643 2894 incensus
660 2830 708 2894 ira
721 2851 837 2914 equum
849 2831 882 2895 in
896 2853 969 2896 eum
982 2852 1056 2896 con·

29 2921 136 2986 citavit
157 2921 329 3007 proculque
353 2922 515 3007 digressus
534 2946 554 2986 a
572 2923 637 2987 suis
660 2923 803 2990 coniectu
825 2925 959 2990 telorum
981 2947 1056 2991 con-

29 3015 136 3078 fossus
154 3015 299 3082 concidit.
332 3024 426 3099 atque
443 3014 505 3079 hoc
523 3016 661 3080 secunda
678 3005 952 3081 victoria'aocidit:
979 3041 1054 3082 nam

28 3108 95 3170 iam
113 3106 274 3174 inclinatae
289 3118 377 3173 erant
399 3118 601 3192 tyrannorum
620 3109 738 3191 copiae.
765 3129 828 3190 quo
846 3109 931 3173 facto
944 3131 1053 3174 omnes
1073 3129 1088 3177 5

30 3199 213 3267 Thessaliae
231 3202 374 3267 civitates
392 3201 592 3266 interfectum
604 3199 791 3284 Pelopidam
809 3200 932 3264 coronis
951 3201 1053 3265 aureis

29 3303 60 3356 et
78 3295 190 3360 statuis
208 3296 314 3361 aeneis
332 3295 511 3379 liberosque
529 3295 596 3358 eius
614 3293 713 3359 multo
730 3317 807 3380 agro
825 3294 988 3360 donarunt.

306 3515 420 3582 XVII.
456 3513 775 3582 AGESILAUS.

77 3669 105 3733 Ι.
133 3667 307 3756 Agesilaus
315 3669 587 3734 Lacedaemonius
602 3689 675 3734 oum
688 3694 708 3734 a
720 3671 831 3735 ceteris
850 3671 1052 3756 scriptoribus
1073 3691 1086 3735 1

30 3771 95 3826 tum
118 3763 233 3827 eximie
255 3761 507 3846 aXenophonte
526 3759 687 3828 Socratico
710 3763 904 3829 collaudatus
927 3771 988 3826 est:
1015 3783 1052 3825 eo

31 3856 113 3920 enim
129 3879 208 3922 usus
231 3865 281 3922 est
297 3855 548 3922 familiarissime.
581 3856 633 3919 hio
649 3856 786 3938 primum
803 3857 843 3918 de
864 3876 962 3939 regno
980 3875 1052 3917 oum
1070 3873 1085 3920 2

29 3947 240 4035 Leotychide,
267 3949 370 4014 fratris
392 3948 471 4025 filio,
498 3946 608 4012 habuit
636 3947 872 4011 contentionem.
908 3967 977 4011 mos
1005 3955 1054 4011 est

30 4041 112 4106 onim
130 4067 150 4109 a
167 4041 338 4110 maioribus
355 4041 617 4110 Lacedaemoniis
637 4041 784 4120 traditus,
806 4047 842 4104 ut
859 4040 939 4105 duos
957 4039 1054 4105 habe-
