2732 4722
409 247 700 306 EPAMINONDAS.
1025 237 1068 303 49

46 365 197 430 circulum
219 365 370 442 venisset,
396 365 510 447 inquo
528 372 582 428 aut
604 361 643 428 de
661 362 836 446 republica
857 365 1068 451 disputaretur

42 470 98 524 aut
116 460 155 524 dc
172 459 371 544 philosophia
388 479 491 522 sermo
509 457 684 534 haberetur,
703 478 874 539 numquam
890 459 962 524 inde
979 461 1065 544 prius

41 553 202 628 discessit,
226 575 320 636 quam
342 551 495 616 adfinem
513 572 615 615 sermo
638 559 724 615 esset
745 549 908 614 adductus.
935 573 1100 636 pauper-4

43 658 140 711 tatem
166 647 245 710 adeo
271 647 364 711 facile
389 667 558 731 perpessus
581 653 643 722 est,
671 653 705 708 ut
727 644 767 708 de
789 665 822 708 re
844 643 970 728 publica
991 645 1068 709 nihil

42 749 165 826 praeter
187 739 319 825 gloriam
342 739 471 824 ceperit,
496 738 667 802 amicorum
688 738 722 801 in
745 757 779 802 se
801 738 918 802 tuendo
937 739 1068 802 caruerit

43 833 255 898 facultatibus.
282 833 344 896 fide
362 833 403 897 ad
417 832 494 896 alios
510 831 720 896 sublevandos
740 853 833 916 saepe
852 832 898 896 sic
916 853 992 896 usus
1011 841 1068 909 est,

43 937 78 990 ut
95 927 227 990 iudicari
244 927 354 1012 possit,
374 926 479 990 omnia
497 926 526 990 ei
544 947 615 990 cum
634 925 743 1004 amicis
761 925 861 990 fuisse
880 925 1067 990 communia.

43 1043 117 1084 nam
139 1041 210 1084 cum
237 1030 290 1084 aut
313 1020 429 1084 civium
457 1041 584 1084 suorum
607 1019 719 1103 aliquis
744 1018 783 1083 ab
810 1017 956 1084 hostibus
984 1028 1102 1084 essete

44 1123 164 1198 captus,
184 1123 237 1177 aut
254 1113 344 1199 virgo
357 1114 450 1177 amici
466 1112 593 1189 nubilis,
612 1133 692 1196 quae
709 1121 836 1197 propter
851 1123 1069 1200 paupertatem

45 1207 189 1270 collocari
202 1229 265 1271 non
278 1210 395 1292 posset,
411 1207 582 1270 amicorum
593 1205 757 1269 consilium
770 1203 906 1270 habebat
915 1217 954 1284 et,
969 1229 1068 1291 quan·

43 1310 110 1364 tum
132 1301 266 1383 quisque
289 1300 390 1376 daret,
413 1321 471 1384 pro
493 1298 694 1363 facultatibus
716 1297 899 1381 imperabat.
936 1322 1067 1383 eamque
1087 1319 1102 1366 6

44 1415 201 1478 summam
219 1416 292 1458 cum
309 1394 435 1474 fecerat,
454 1391 638 1477 priusquam
652 1392 805 1475 acciperet
821 1392 995 1476 pecuniam,
1015 1393 1070 1457 ad-

42 1487 179 1552 ducebat
188 1509 269 1563 cum,
289 1485 343 1569 qui
352 1485 531 1568 quaerebat,
552 1485 592 1550 ad
602 1507 664 1562 eos,
684 1485 738 1567 qui
747 1483 958 1562 conferebant,
977 1486 1069 1569 eique

42 1589 78 1644 ut
96 1581 159 1664 ipsi
176 1589 385 1656 numerarent,
409 1577 554 1656 faciebat,
572 1577 685 1654 utillo,
704 1577 745 1642 ad
763 1599 857 1660 quem
876 1599 980 1644 cares
998 1601 1069 1664 per-

1 1734 3 1740 ,
41 1671 201 1747 veniebat,
221 1673 322 1749 sciret,
341 1681 492 1756 quantum
510 1673 621 1754 cuique
640 1670 775 1736 deberet.

97 1763 156 1830 IV.
187 1765 320 1830 Tentata
337 1776 441 1830 autem
458 1767 525 1830 eius
545 1775 593 1830 est
614 1765 802 1830 abstinentia
820 1789 839 1830 a
855 1765 1067 1832 Diomedonte
1087 1785 1101 1831 1

41 1857 214 1942 Cyziceno.
242 1881 377 1942 namque
395 1860 422 1924 is
440 1869 552 1945 rogatu
569 1857 755 1923 Artaxerxis
773 1859 856 1944 regis
874 1858 1069 1945 Epaminon-

1 1980 2 1983 *
41 1953 117 2015 dam
134 1953 267 2037 pecunia
289 1955 551 2039 corrumpendum
569 1962 760 2038 susceperat.
791 1954 843 2018 hic
860 1973 1068 2040 magnacum

1 2107 9 2129 ³,
42 2047 180 2130 pondere
203 2048 270 2110 auri
288 2047 416 2112 Thebas
439 2048 525 2110 venit
547 2058 578 2111 et
599 2045 779 2131 Micythum
801 2047 1069 2112 adolescentulum

4 2186 8 2191 .
42 2140 182 2221 quinque
199 2139 323 2203 talentis
341 2140 383 2202 ad
402 2161 491 2204 suam
507 2139 654 2221 perduxit
671 2138 872 2213 voluntatem,
891 2160 985 2220 quem
1002 2150 1070 2204 tum

1 2257 3 2314 ς
41 2231 283 2315 Epaminondas
309 2231 479 2313 plurimum
501 2229 660 2312 diligebat.
692 2228 854 2313 Micythus
876 2229 1071 2314 Epaminon·

1 2393 2 2396 Ἴ
41 2326 119 2387 dam
138 2323 283 2386 convenit
301 2332 332 2386 et
350 2345 494 2388 caussam
513 2323 665 2386 adventus
683 2321 903 2386 Diomedontis
923 2325 1067 2388 ostendit

40 2428 77 2480 at
86 2417 140 2480 ille
148 2416 354 2480 Diomedonti
363 2438 478 2492 coram,
490 2415 625 2495 „Nihil,“
635 2416 744 2499 inquit,
758 2438 857 2500 „opus
866 2419 1000 2501 pecunia
1009 2428 1065 2484 est.
1086 2437 1101 2485 2

39 2509 165 2574 namsi
185 2532 242 2573 rex
260 2531 297 2573 ea
313 2509 395 2586 vult,
419 2531 499 2592 quae
518 2509 678 2573 Thebanis
701 2519 774 2573 sunt
796 2509 884 2574 utilia
904 2512 1002 2596 gratis
1020 2512 1068 2576 fa-

41 2625 114 2668 cere
142 2625 214 2666 sum
235 2612 378 2688 paratus3
407 2604 455 2668 sin
478 2613 582 2668 autem
605 2602 770 2680 contrade,
797 2625 861 2667 non
883 2603 978 2667 habet
1000 2605 1069 2666 auri

41 2707 137 2778 atque
156 2697 279 2782 argenti
297 2697 383 2761 satis.
411 2719 546 2780 namque
565 2695 649 2761 orbis
672 2705 825 2760 terrarum
843 2695 967 2760 divitias
986 2696 1068 2760 acci-

41 2811 116 2874 pere
139 2790 212 2854 nolo
234 2811 290 2874 pro
312 2791 431 2874 patriae
454 2791 591 2854 caritate.
630 2799 664 2852 tu
687 2789 772 2872 quod
794 2811 845 2853 me
871 2789 1067 2875 incognitum
1086 2809 1101 2858 3

42 2883 171 2946 tentasti
184 2883 291 2966 tuique
306 2883 439 2947 similem
453 2882 648 2960 existimasti,
662 2905 727 2946 non
739 2883 834 2948 miror
847 2883 965 2968 tibique
978 2885 1069 2970 igno·

43 2997 116 3051 sco;
143 2977 198 3040 sed
220 2977 368 3062 egredere
390 3000 535 3061 propere,
558 2999 598 3042 ne
615 2976 693 3042 alios
713 2998 902 3062 corrumpas,
927 2999 999 3042 cum
1017 2999 1068 3041 me

45 3089 114 3131 non
131 3071 274 3150 potueris.
308 3081 339 3134 et
361 3080 396 3134 tu
413 3069 569 3156 Micythe,
597 3080 762 3156 argentum
783 3071 856 3132 huic
873 3071 979 3144 redde,
1003 3078 1066 3144 aut,

43 3161 108 3225 nisi
126 3161 160 3225 id
178 3164 339 3230 confestim
359 3165 447 3242 facis,
467 3187 527 3251 ego
545 3167 711 3231 tetradem
728 3161 955 3250 magistratui.“
983 3161 1066 3226 hunc
1084 3180 1101 3226 4

42 3254 226 3320 Diomedon
243 3280 316 3322 cum
336 3268 475 3344 rogaret,
497 3268 532 3322 ut
550 3269 616 3325 tuto
634 3261 718 3324 exire
737 3279 865 3342 suaque,
889 3277 969 3340 quae
988 3264 1068 3320 attu-

43 3348 132 3424 lerat,
142 3349 250 3414 liceret
260 3352 379 3430 efferre,
395 3353 673 3437 „Istudquidem,“
683 3353 793 3435 inquit,
810 3345 1067 3433 „faciamusque

43 3451 100 3505 tua
118 3465 239 3522 caussa,
260 3447 316 3510 sed
333 3467 417 3523 mea,
440 3469 489 3524 ne,
510 3448 537 3511 si
555 3448 612 3512 tibi
630 3447 671 3512 sit
687 3447 821 3531 pecunia
838 3446 993 3530 adempta,
1012 3443 1069 3510 ali-

42 3537 114 3618 quis
137 3538 235 3616 dicat,
262 3540 295 3604 id
317 3541 424 3606 adme
443 3551 583 3626 ereptum
605 3541 799 3626 pervenisse,
827 3541 913 3625 quod
929 3541 1069 3606 delatum

42 3631 186 3714 accipere
203 3632 405 3699 noluissem.“
432 3657 527 3718 aquo
541 3657 614 3700 cum
627 3635 811 3719 quaesisset,
830 3656 893 3719 quo
907 3656 941 3698 se
955 3631 1068 3698 deduci
1086 3649 1103 3696 a

40 3723 152 3801 vellet,
176 3734 207 3789 et
224 3726 276 3790 ille
293 3725 437 3793 Athenas
455 3729 599 3806 dixisset,
622 3729 813 3814 praesidium
831 3728 930 3802 dedit,
949 3733 984 3789 ut
1000 3732 1068 3787 tuto

39 3817 229 3899 perveniret.
261 3841 363 3904 neque
383 3843 458 3887 vero
480 3823 513 3886 id
527 3823 607 3888 satis
625 3822 743 3898 habuit,
768 3819 945 3892 sedetiam,
968 3824 1004 3879 ut
1020 3815 1069 3879 in-

40 3909 178 3978 violatus
195 3911 230 3977 in
246 3936 359 3980 navem
377 3917 565 3994 escenderet,
584 3925 640 4002 per
650 3913 821 3978 Chabriam
829 3909 1067 3988 Atheniensem,

38 4001 81 4066 de
100 4023 164 4088 quo
178 4027 273 4091 supra
286 4010 475 4075 mentionem
488 4010 632 4088 fecimus,
652 4006 764 4073 effecit.
791 4002 996 4070 abstinentiae
1011 4004 1069 4072 erit
1087 4021 1104 4071 6

94 4103 209 4149 coriatam
218 4106 299 4160 Nepos.
796 4145 799 4152 ·
839 4101 857 4161 4
