2758 4726
470 267 523 320 DE
537 257 713 323 REGIBUS.
1067 261 1109 325 73

76 405 206 462 xerxes,
224 383 405 450 Macrochir
428 378 583 466 [quoque]
603 389 634 444 et
651 379 814 446 Mnemon.
844 384 948 450 Xerxi
969 387 1107 452 maxime
1167 399 1168 404 ’

77 487 135 542 est·
147 477 275 555 illustre,
295 476 380 561 quod
397 473 543 540 maximis
560 483 634 559 post
647 473 810 539 hominum
823 479 1004 544 memoriam
1017 503 1107 546 exer-

77 569 194 636 citibus
212 580 294 638 terra
306 570 448 652 marique
461 568 578 634 bellum
591 567 696 634 intulit
706 565 868 634 Graeciae.
888 581 920 633 at
928 569 1106 638 Macrochir
1123 597 1141 641 4

75 663 514 751 praecipuamhabetlaudem
523 661 735 747 amplissimae
744 662 1107 747 pulcherrimaequecor-

76 757 164 843 poris
182 759 312 835 formae,
330 777 426 842 quam
443 754 618 820 incredibili
635 756 759 820 ornavit
775 756 890 821 virtute
908 755 996 822 belli:
1018 781 1108 822 nam-

77 862 141 934 que
162 850 216 919 illo
232 849 348 916 Perses
371 871 464 914 nemo
481 872 578 914 manu
600 849 661 914 fuit
682 849 802 914 fortior.
829 848 985 914 Mnemon
1002 859 1108 916 autem

76 943 215 1009 iustitiae
232 944 319 1009 fama
339 943 453 1009 floruit.
480 965 555 1007 nam
577 964 649 1007 cum
667 940 775 1007 matris
795 965 870 1017 suae
894 943 1011 1008 scelere
1030 944 1108 1008 ami-

78 1037 174 1102 sisset
190 1059 330 1115 uxorem‚
349 1046 471 1102 tautum
488 1036 619 1100 indulsit
636 1037 750 1114 dolori,
774 1046 810 1100 ut
828 1059 901 1101 eum
918 1037 1020 1122 pietas
1039 1037 1108 1102 vin-

78 1138 172 1194 ceret.
200 1152 240 1196 ex
257 1131 307 1196 his
325 1131 389 1195 duo
407 1129 518 1196 eodem
540 1129 667 1194 nomine
685 1129 795 1194 morbo
817 1130 1107 1196 naturaedebitum
1125 1153 1143 1198 5

77 1223 295 1301 reddideruut3
321 1223 430 1288 tertius
457 1221 497 1287 ab
523 1219 688 1286 Artabano
714 1222 873 1306 praefecto
898 1223 982 1290 ferro
1012 1226 1107 1290 inter-

78 1325 204 1400 emptus
222 1326 280 1382 est.

130 1409 175 1474 Π.
210 1409 264 1474 Ex
281 1407 496 1474 Macedonum
523 1416 629 1472 autem
655 1415 750 1493 gente
777 1407 841 1470 duo
864 1408 963 1473 multo
986 1418 1139 1478 ceterosr

75 1510 314 1568 antecesserunt
330 1523 435 1569 rerum
452 1510 613 1587 gestarum
629 1500 740 1586 gloria,
754 1499 932 1585 Philippus,
945 1499 1107 1586 Amyntae

24 1657 25 1660 ,
73 1595 175 1672 filius,
193 1604 224 1659 et
231 1594 572 1681 AlexanderMagnus.
600 1593 713 1658 horum
730 1593 982 1678 alterBabylone
996 1595 1107 1660 morbo

24 1752 26 1754 ,
75 1697 286 1773 consumptus
305 1698 367 1767 est3
388 1689 556 1774 Philippus
574 1686 688 1774 Aegiis
707 1711 727 1752 a
744 1686 920 1765 Pausania,
944 1709 1017 1753 cum
1036 1710 1107 1774 spe-

24 1829 25 1836 .
74 1787 198 1844 etatum
214 1781 307 1846 ludos
324 1782 397 1860 iret,
416 1782 504 1846 iuxta
521 1781 679 1846 theatrum
696 1780 819 1845 occisus
839 1790 896 1845 est.
928 1804 1010 1847 unus
1027 1780 1106 1868 Epi·
1124 1801 1142 1848 2

24 1906 28 1942 ;
73 1867 172 1952 roles,
188 1873 340 1960 Pyrrhus,
359 1877 414 1960 qui
432 1898 504 1941 cum
521 1875 640 1962 populo
658 1875 804 1942 Romano
823 1875 960 1941 bellavit.
987 1876 1015 1940 is
1034 1897 1108 1940 cum

24 2000 34 2033 r
73 1964 184 2052 Argos
203 1968 354 2054 oppidum
376 1978 573 2056 oppugnaret
593 1969 627 2032 in
644 1967 877 2055 Peloponneso,
900 1969 1005 2062 lapide
1022 1969 1105 2034 ictus
1147 1982 1151 1996 '

24 2088 34 2124 c
73 2067 201 2126 mterut.
229 2083 312 2126 unus
325 2062 401 2126 item
412 2061 551 2137 Siculus,
570 2060 747 2143 Dionysius
760 2061 855 2144 prior.
877 2085 952 2124 nam
970 2072 1001 2126 et
1009 2085 1107 2152 manu

27 2190 30 2216 t
73 2151 166 2217 fortis
180 2161 212 2217 et
224 2152 300 2218 belli
313 2153 432 2236 peritus
449 2152 526 2226 fuit,
539 2159 579 2226 et,
597 2151 631 2212 id
644 2152 730 2230 quod
742 2152 776 2212 in
787 2159 920 2232 tyranno
932 2173 998 2214 non
1014 2154 1108 2216 facile

24 2277 25 2280 ¹
71 2245 240 2329 reperitur,
258 2243 387 2306 minime
403 2241 600 2316 libidinosus,
618 2262 682 2304 non
698 2241 888 2317 luxuriosus,
905 2261 970 2304 non
982 2263 1106 2318 avarus,
1212 2235 1217 2250 “

24 2385 25 2390 η
71 2337 194 2402 nullius
221 2334 370 2418 denique
387 2334 433 2398 rei
460 2333 593 2418 cupidus
620 2333 682 2397 nisi
709 2333 876 2419 singularis
900 2334 1107 2419 perpetuique

24 2447 27 2524 ι
71 2428 201 2513 imperii
218 2427 260 2510 ob
274 2421 405 2512 eamque
422 2450 490 2492 rem
503 2427 647 2492 crudelis.
674 2450 749 2492 nam
763 2429 839 2492 dum
852 2428 885 2492 id
903 2427 1024 2494 studuit
1036 2451 1128 2510 mu„

69 2521 159 2602 nire,
168 2521 285 2585 nullius
298 2521 438 2606 pepercit
451 2521 543 2597 vitae,
558 2542 653 2604 quem
662 2521 729 2586 eius
742 2522 958 2588 insidiatorem
970 2532 1103 2608 putaret.

70 2613 126 2678 hic
140 2634 213 2678 cum
226 2613 342 2680 virtute
357 2613 555 2698 tyrannidem
569 2613 629 2678 sibi
645 2615 829 2698 peperisset,
848 2638 966 2700 magna
977 2616 1105 2680 retinuit
1123 2636 1141 2682 3

72 2706 239 2784 felicitate3
256 2707 357 2772 maior
373 2709 458 2772 enim
476 2730 575 2772 annos
595 2709 762 2792 sexaginta
783 2717 877 2772 natus
895 2709 1032 2772 decessit
1048 2709 1106 2772 flo-

72 2807 160 2884 rente
177 2821 287 2886 regno,
305 2822 407 2884 neque
424 2801 458 2864 in
472 2809 537 2864 tam
554 2800 661 2864 multis
675 2801 768 2864 annis
784 2801 972 2885 cuiusquam
987 2823 1027 2866 ex
1045 2823 1105 2866 sua

76 2893 173 2978 stirpe
190 2892 288 2956 funus
305 2893 394 2969 vidit,
413 2913 486 2956 cum
504 2913 544 2955 ex
561 2891 661 2957 tribus
675 2893 826 2958 uxoribus
844 2893 960 2960 liberos
978 2916 1105 2980 procre-

77 2995 161 3050 asset
177 2987 331 3070 multique
348 2985 378 3050 ei
395 2985 461 3050 nati
479 2994 585 3050 essent
600 2995 740 3070 nepotes.
842 3010 848 3024 ·

127 3079 189 3144 III.
217 3079 360 3144 Fuemnt
376 3087 539 3163 praeterea
555 3079 663 3162 magni
680 3101 772 3162 reges
786 3101 826 3143 ex
844 3077 1103 3143 amicisAlexan-
1122 3100 1135 3146 1

77 3171 126 3235 dri
141 3171 265 3259 Magni,
284 3173 340 3256 qui
356 3181 429 3257 post
446 3171 568 3236 obitum
586 3171 654 3234 eius
672 3171 804 3255 imperia
821 3178 984 3254 cepertmt,
1002 3171 1036 3234 in
1052 3171 1103 3234 his

74 3265 257 3351 Antigonus
276 3276 308 3332 et
324 3266 418 3330 huius
436 3265 520 3331 filius
537 3263 730 3343 Demetrius,
748 3263 971 3349 Lysimachus,
993 3261 1104 3330 Seleu-

77 3379 145 3436 cus,
161 3359 373 3426 Ptolemaeus.
401 3381 441 3424 ex
453 3357 694 3445 hisAntigonus
711 3358 745 3422 in
757 3357 886 3444 proelio,
905 3379 977 3422 cum
992 3358 1102 3422 adver·
1120 3377 1137 3424 a

75 3473 133 3516 sus
144 3450 312 3541 Seleucum
329 3463 360 3519 et
369 3453 600 3539 Lysimachum
618 3452 789 3531 dimicaret,
809 3452 932 3518 occisus
944 3460 1009 3531 est.
1032 3451 1102 3538 pari

73 3545 139 3612 leto
156 3547 288 3614 affectus
311 3557 360 3612 est
376 3546 589 3632 Lysimachus
612 3545 652 3612 ab
672 3544 816 3613 Seleuco.
842 3567 979 3629 namque
1002 3546 1102 3612 socie-

74 3648 139 3704 tate
162 3641 316 3708 dissoluta
340 3640 459 3706 bellum
484 3641 567 3704 inter
588 3662 623 3705 se
644 3650 820 3727 gesserunt.
855 3650 888 3705 at
905 3640 1100 3714 Demetrius,
1119 3655 1137 3701 a

74 3755 148 3800 cum
164 3735 263 3802 liliam
281 3758 372 3800 suam
391 3731 525 3798 Seleuco
542 3733 576 3796 in
592 3735 826 3798 matrimonium
843 3733 982 3796 dedisset
998 3751 1102 3811 neque

73 3845 112 3894 eo
130 3830 235 3916 magis
252 3830 316 3895 fida
332 3830 413 3894 inter
430 3849 483 3892 eos
506 3825 643 3890 amicitia
659 3847 785 3889 manere
802 3823 970 3908 potuisset,
990 3829 1101 3903 captus

73 3920 158 3988 hello
179 3925 217 3989 in'
236 3924 378 3990 custodia
396 3943 485 3988 socer
506 3917 614 4006 generi
634 3917 728 4003 periit
744 3939 764 3979 a
781 3913 900 3978 morbo.
931 3931 1034 3993 neque
1056 3910 1101 3974 ita
1118 3929 1136 3973 4

71 4016 173 4082 multo
190 4028 263 4104 post
273 4017 425 4084 Seleucus
444 4013 654 4082 aPtolemaeo
665 4009 810 4076 Cerauno
828 4005 901 4072 dolo
918 4002 1101 4072 interfectus
