2758 4726
457 293 669 352 HAMILOAR.
1033 291 1074 356 75

41 415 107 477 'est
134 411 237 495 primo
255 407 437 474 mercenarii
450 408 574 486 milites,
594 408 648 492 qui
666 407 817 474 adversus
826 412 985 482 Romanos
1003 417 1074 483 fue-
1091 440 1107 487 2

47 507 131 581 rant,
160 504 372 579 desciverunt,
400 523 532 584 quorum
554 523 704 565 numerus
727 511 794 566 erat
811 504 921 588 viginti
941 509 1071 574 milium.

47 598 81 661 hi
97 605 196 660 totam
214 594 429 660 abalienanmt
445 593 599 670 Africam,
617 595 720 679 ipsam
735 593 959 681 Carthaginem
976 623 1074 684 appu.

47 699 192 775 gnarunt
219 687 334 771 quibus
348 685 439 752 malis
453 687 532 752 adeo
547 695 620 752 sunt
633 687 734 752 Poeni
750 689 915 774 perterriti,
933 699 968 754 ut
981 693 1075 758 etiam
1091 717 1108 764 a

48 781 165 846 auxilia
183 780 222 846 ab
240 781 392 846 Romanis
411 780 570 864 petierint3
589 801 688 864 eaque
705 781 919 867 impetrarunt.
948 784 1005 848 sed
1021 807 1077 850 ex-

48 885 161 952 tremo,
193 896 265 938 oum
290 893 388 958 prope
414 873 477 937 iam
504 874 546 938 ad
571 873 822 958 desperationem
848 877 1074 961 pervenissent,

48 967 262 1032 Hamilcarem
283 966 502 1051 imperatorem
523 966 673 1032 fecerunt.
704 969 732 1032 is
755 991 820 1034 non
842 969 944 1035 solum
966 970 1110 1040 hostes4
1154 1003 1157 1006 ·

47 1085 66 1124 a
89 1061 189 1124 muris
208 1059 409 1145 Carthaginis
427 1061 573 1137 removit,
598 1082 670 1124 cum
688 1062 823 1147 amplius
842 1071 967 1128 centum
988 1065 1076 1130 milia

48 1156 133 1219 facta
145 1162 251 1219 essent
264 1163 463 1230 armatorum,
483 1154 647 1218 sedetiam
661 1175 698 1218 eo
712 1156 871 1240 compulit,
886 1166 921 1221 ut
933 1159 1075 1224 locorum

48 1249 203 1335 angustiis
222 1248 321 1312 clausi
333 1248 440 1332 plures
458 1247 652 1330 famaquam
670 1247 753 1312 ferro
771 1249 939 1315 interirent.
968 1253 1074 1317 omnia

48 1345 166 1428 oppida
183 1343 367 1418 abalienata,
386 1342 420 1405 in
437 1341 486 1406 his
500 1341 628 1406 Uticam
646 1337 740 1425 atque
758 1342 949 1428 Hipponem,
968 1347 1074 1409 valen-

48 1439 171 1502 tissima
188 1436 283 1500 totius
292 1436 431 1512 Africae,
450 1435 586 1499 restituit
602 1436 730 1518 patriae.
758 1458 860 1519 neque
878 1459 915 1500 eo
928 1437 989 1501 fuit
1002 1460 1076 1502 con·
1094 1458 1109 1503 s

48 1540 169 1605 tentus,
197 1529 254 1592 sed
279 1530 374 1592 etiam
398 1527 477 1591 fines
503 1529 626 1612 imperii
647 1530 847 1614 propagavit,
879 1539 944 1594 tota
965 1529 1077 1594 Africa

47 1633 172 1687 tantum
190 1622 288 1686 otium
304 1620 453 1696 reddidit,
479 1631 512 1683 ut
528 1621 649 1685 nullum
670 1622 706 1684 in
723 1644 761 1686 ea
783 1621 901 1687 bellum
918 1623 1076 1688 videretur

21 1757 23 1790 3
45 1715 157 1779 multis
176 1713 265 1776 annis
282 1713 392 1777 fuisse.
728 1705 730 1710 Α

99 1806 164 1870 ΙΠ.
191 1805 301 1870 Rebus
318 1807 367 1870 his
387 1828 426 1871 ex
443 1808 598 1872 sententia
623 1809 757 1893 peractis
780 1809 889 1872 fidenti
906 1810 1011 1874 animo
1029 1819 1075 1874 at·
1094 1830 1108 1876 1

21 1921 24 1977 ι,
47 1921 109 1983 que
127 1899 243 1963 infesto
261 1899 423 1977 Romanis,
442 1921 506 1983 quo
524 1900 648 1966 facilius
667 1925 814 1967 caussam
831 1903 969 1967 bellandi
985 1925 1076 1988 repe·

21 2034 31 2068 11
47 1995 135 2070 riret,
151 1993 280 2070 effecit,
308 2002 343 2058 ut
371 1994 541 2079 imperator
567 2017 639 2058 cum
666 1997 805 2060 exercitu
829 1997 863 2059 in
884 1995 1076 2081 Hispaniam

21 2127 29 2152 ,v
49 2087 231 2163 mitteretur,
250 2108 350 2169 eoque
365 2107 473 2150 secum
486 2087 575 2148 duxit
587 2087 688 2148 fflium
696 2087 911 2150 Hannibalem
924 2109 1076 2152 annorum

21 2221 26 2256 2-
48 2201 172 2243 novem.
201 2186 269 2241 erat
285 2185 375 2260 praet
376 2197 447 2239 erea
465 2197 538 2238 oum
551 2197 589 2237 eo
603 2176 785 2238 adolescens
803 2175 913 2236 illust
878 2185 942 2250 t,r1s
961 2177 1078 2240 formo-
1095 2199 1110 2242 a

22 2295 119 2349 sus,
137 2267 339 2344 Hasdrubal,
362 2287 458 2349 quem
480 2265 621 2330 nonnulli
643 2266 762 2351 diligit
763 2266 885 2375 urpius,
909 2287 1003 2348 quam
1020 2287 1079 2350 par

22 2375 127 2439 erat,
146 2363 187 2426 ab
205 2359 388 2425 Hamilcare
405 2359 622 2444 loquebantur.
650 2381 714 2423 non
732 2360 815 2423 enim
833 2359 977 2424 maledici
991 2367 1077 2424 tanto

22 2471 26 2528 l
44 2459 119 2520 viro
138 2456 248 2518 deesse
265 2462 418 2537 poterant
445 2473 521 2535 quo
527 2452 647 2516 factum
665 2462 725 2530 est,
744 2462 780 2516 ut
798 2477 817 2518 a
833 2453 992 2538 praefecto
1009 2476 1078 2518 mo-

22 2569 119 2614 rum
137 2545 322 2610 Hasdrubal
348 2567 420 2609 cum
447 2567 484 2610 eo
511 2554 669 2610 vetaretur
694 2567 774 2611 esse.
810 2547 885 2612 huic
906 2547 958 2611 ille
980 2547 1078 2610 filiam

50 2663 141 2706 suam
166 2639 202 2702 iu
227 2637 460 2702 matrimonium
486 2637 585 2716 dedit,
612 2640 698 2721 quod
719 2639 860 2704 moribus
883 2647 992 2702 eorutn
1013 2660 1078 2701 non

49 2740 172 2818 poterat
191 2730 335 2794 interdici
358 2752 467 2795 socero
490 2753 615 2816 genero.
652 2732 692 2794 de
714 2732 775 2795 hoc
797 2731 868 2794 ideo
887 2731 1078 2795 mentionem
1096 2754 1110 2800 a

50 2825 193 2901 fecimus,
212 2823 298 2906 quod
306 2821 488 2887 Hamilcare
506 2823 611 2887 occiso
629 2823 681 2886 ille
695 2821 845 2886 exercitui
862 2823 999 2908 praefuit
1011 2845 1078 2888 res-

51 2939 108 3000 que
126 2939 260 3002 magnas
273 2916 373 3002 gessit
386 2925 418 2979 et
430 2915 576 2999 princeps
590 2915 755 3001 largitione
769 2925 910 2981 vetustos
928 2917 1078 3002 pervertit

51 3033 152 3078 mores
169 3009 479 3096 Carthaginiensium
496 3009 699 3092 eiusdemque
716 3019 789 3093 post
806 3019 939 3074 mortem
953 3011 1079 3074 Hanni-

53 3108 102 3174 bal
121 3109 162 3173 ab
181 3107 319 3173 exercitu
337 3105 458 3190 accepit
475 3105 651 3188 imperium.

99 3201 161 3266 IV.
187 3199 234 3265 At
250 3199 423 3274 Hamilcar,
442 3207 649 3282 posteaquam
666 3191 752 3278 mar'e
770 3195 893 3259 transiit
909 3194 943 3258 in
960 3192 1079 3279 Hispa·
1098 3218 1111 3262 1

53 3295 198 3377 uiamque
215 3294 309 3370 venit,
328 3313 460 3378 magnas
478 3313 528 3355 res
548 3290 686 3355 secunda
703 3289 804 3376 gessit
822 3289 960 3365 fortuna3
979 3289 1080 3351 maxi-

52 3411 122 3452 mas
134 3387 452 3470 bellicosissimasque
466 3394 576 3473 gentes
592 3384 732 3470 subegit3
752 3383 851 3468 equis,
871 3383 976 3459 armis,
991 3382 1077 3457 viris,

53 3481 186 3565 pecunia
206 3490 304 3546 totam
325 3479 526 3565 locupletavit
542 3477 697 3544 Africam.
729 3477 781 3543 hic
803 3500 876 3542 oum
898 3477 931 3541 in
952 3475 1112 3541 Italiama

54 3573 171 3638 bellum
182 3575 297 3640 inferre
310 3574 520 3650 meditaretur,
533 3594 617 3638 ncnc
632 3593 724 3649 anno,
738 3581 906 3657 postquam
919 3571 952 3635 in
960 3569 1080 3656 Hispa·

55 3667 137 3732 niam
153 3677 291 3745 venerat,
309 3668 343 3731 in
359 3663 477 3750 proelio
494 3685 640 3750 pugnans
659 3667 812 3729 adversus
825 3663 979 3729 Vettones
998 3663 1080 3727 occi·

56 3781 107 3826 sus
129 3770 187 3826 est.
214 3761 308 3825 huius
330 3766 517 3846 perpetuum
539 3758 645 3820 odium
667 3779 743 3842 erga
759 3758 920 3820 Romanos
944 3755 1079 3816 maxime
1098 3773 1113 3819 a

55 3855 228 3920 concitasse
249 3855 372 3918 videtur
394 3850 567 3917 secundum
590 3847 708 3912 bellum
725 3847 910 3910 Poenicum.
941 3863 1079 3924 namque

55 3944 225 4026 Hannibal,
243 3948 326 4014 filius
344 3948 421 4024 eius,
441 3942 576 4010 assiduis
594 3940 692 4026 patris
706 3935 965 4004 obtestationibus
980 3956 1018 3998 eo
1032 3942 1081 3996 est

57 4041 233 4124 perductus,
251 4053 287 4108 ut
304 4042 429 4108 interire
447 4061 542 4126 quam
556 4036 715 4102 Romanos
732 4055 797 4100 non
815 4029 950 4116 experiri
962 4028 1078 4095 mallet
1128 4099 1133 4112 Α
