2732 4722
409 227 712 286 THEMISTOOIAES.
1057 221 1075 285 7

41 349 152 417 erexit.
188 369 264 414 nam
287 367 360 411 cum
382 342 566 422 iudicasset,
596 345 664 408 sine
691 367 812 410 summa
833 346 988 414 industria
1008 371 1078 418 non

41 467 139 534 posse
162 453 233 508 ean'r
256 439 430 526 exstingui,
453 449 554 504 totum
572 460 607 504 se
625 439 745 504 dedidit
761 441 806 504 rei
822 441 980 525 publicae,
1003 443 1074 508 dili-

42 541 170 628 gentius
189 537 299 602 amicis
317 536 482 617 famaeque
497 534 647 598 serviens.
675 534 809 598 multum
825 535 859 599 in
870 536 993 601 iudiciis
1010 539 1074 623 pri-

42 635 125 700 vatis
139 631 333 708 versabatur,
349 651 442 714 saepe
455 629 489 693 in
498 628 675 692 contionem
688 629 798 714 populi
811 629 957 714 prodibat
962 655 971 708 ;
988 631 1075 697 nulla

41 751 94 795 res
111 727 215 798 maior
233 727 300 791 sine
323 745 359 789 eo
381 722 560 810 gerebatur,
589 722 743 800 celeriter,
771 745 853 807 quae
875 745 954 810 opus
977 734 1074 804 erant,

42 821 229 909 reperiebat,
249 819 340 884 facile
354 819 464 883 eadem
482 816 621 883 oratione
636 816 821 902 explicabat.
853 839 957 902 neque
971 818 1074 884 minus
1093 837 1110 886 4

42 920 77 982 in
94 916 189 981 rebus
206 913 352 1001 gerendis
369 921 533 999 promptus
551 934 647 996 quam
665 911 881 998 excogitandis
896 921 971 990 crat,
991 913 1076 996 quod

44 1021 78 1076 et
95 1011 135 1075 de
152 1008 355 1088 instantibus,
378 1017 414 1072 ut
431 1009 475 1072 ait
493 1007 711 1091 Thucydides,
734 1007 898 1072 verissime
916 1005 1076 1071 iudicabat

45 1115 79 1169 et
96 1105 135 1168 de
157 1103 270 1168 suturis
294 1103 495 1167 callidissime
518 1099 711 1166 eoniioiebat.
745 1122 808 1183 quo
824 1100 946 1166 iactum
964 1110 1021 1180 est,
1040 1111 1076 1165 ut

43 1198 133 1264 brevi
151 1207 292 1284 tempore
309 1197 525 1262 illustraretur.

95 1293 140 1358 Π.
167 1292 297 1356 Primus
311 1301 417 1355 autem
430 1291 548 1376 gradus
562 1288 624 1352 fuit
641 1289 853 1374 capessendae
869 1293 915 1356 rei
931 1293 1075 1376 publicae
1095 1312 1115 1370 1,

40 1387 127 1452 bello
147 1385 336 1471 Corcyraeo,
360 1386 402 1450 ad
419 1386 506 1468 quod
528 1383 701 1470 gerendum
718 1393 843 1469 praetor
861 1407 880 1448 a
896 1387 1013 1471 populo
1030 1386 1078 1450 fa-

41 1492 114 1546 etus
133 1505 197 1546 non
211 1481 314 1546 solum
330 1479 491 1566 praesenti
508 1477 601 1556 bello,
621 1479 785 1543 sedetiam
802 1479 923 1562 reliquo
937 1489 1077 1564 tempore

43 1575 233 1640 ferociorem
253 1573 390 1638 reddidit
412 1573 579 1636 civitatem.
607 1595 681 1636 nam
699 1594 771 1636 oum
788 1573 923 1657 pecunia
939 1571 1075 1657 publica,
1095 1589 1110 1636 2

42 1691 128 1750 quae
146 1689 187 1730 ex
204 1667 338 1731 metallis
356 1665 486 1743 redibat,
504 1666 668 1752 largitione
686 1667 927 1752 magistratuum
945 1675 1077 1750 quotan-

43 1761 97 1824 nis
120 1760 272 1838 interiret,
295 1761 348 1824 ille
368 1759 525 1845 persuasit
545 1760 676 1846 popu10,
699 1770 735 1824 ut
757 1783 795 1825 ea
811 1759 946 1846 pecunia
964 1760 1075 1824 elassis

42 1863 172 1918 centum
185 1854 312 1918 navium
327 1854 549 1918 aedificaretur.
578 1877 658 1938 quae
668 1855 809 1920 celeriter
817 1855 930 1919 effecta
937 1854 1075 1940 primum
1094 1870 1109 1918 8

4 1973 22 2004 ³
43 1947 240 2034 Corcyraeos
250 1949 353 2034 fregit,
374 1949 487 2014 deinde
497 1949 669 2014 maritimos
679 1950 854 2034 praedones
865 1949 1075 2016 consectando

42 2064 130 2106 mare
144 2051 246 2106 tutum
255 2042 398 2107 reddidit.
426 2043 531 2126 inquo
541 2065 614 2108 cum
623 2043 740 2106 divitiis
754 2044 885 2122 ornavit,
900 2052 967 2107 tum
981 2045 1076 2108 etiam

4 2194 8 2206 ,
41 2136 251 2220 peritissimos
268 2135 343 2200 belli
356 2136 477 2200 navalis
495 2135 571 2200 feeit
579 2135 803 2200 Athenienses.
829 2137 864 2197 id
876 2146 1011 2216 quantae
1026 2161 1076 2200 sa
1093 2155 1111 2200 4

4 2275 6 2288 .
40 2231 103 2294 luti
120 2229 216 2292 fuerit
232 2230 398 2292 universae
413 2228 575 2304 Graeciae,
594 2229 677 2293 bello
697 2227 856 2313 cognitum
875 2237 924 2292 est
935 2227 1075 2293 Persico

40 2345 120 2388 nam
139 2343 211 2385 cum
224 2322 351 2386 Xerxes
370 2331 401 2386 et
418 2323 497 2386 mari
515 2331 546 2386 et
563 2332 645 2387 terra
663 2321 781 2386 bellum
799 2323 963 2388 universae
981 2321 1077 2386 infer-

40 2425 92 2482 ret
108 2415 256 2500 Europae
279 2439 352 2480 eum
373 2417 468 2482 tantis
491 2417 605 2501 copiis,
633 2427 766 2501 quantas
789 2439 892 2501 neque
918 2427 990 2482 ante
1016 2439 1076 2482 neo

40 2519 116 2596 post
133 2531 171 2573 ea
188 2509 298 2574 habuit
315 2511 497 2595 quisquam:
516 2511 610 2576 huius
629 2513 712 2576 enim
735 2511 846 2576 classis
865 2511 950 2576 mille
968 2521 1000 2576 et
1017 2511 1075 2575 du·
1093 2527 1108 2576 5

42 2613 203 2668 cantarum
226 2603 355 2668 navium
375 2605 542 2691 longarum
565 2605 639 2682 fuit,
663 2629 758 2688 quam
780 2606 843 2670 duo
861 2605 949 2668 milia
966 2626 1076 2668 onera

41 2698 159 2762 riarum
178 2697 398 2780 sequebantur,
416 2707 578 2763 terrestres
597 2709 702 2762 autem
721 2699 875 2762 exercitus
896 2697 1076 2782 septingen-

43 2801 146 2856 torum
163 2792 321 2878 peditum,
345 2792 485 2874 equitum
508 2792 808 2876 quadringentorum
829 2791 916 2854 milia
932 2789 1073 2855 fuerunt:

41 2886 133 2948 cuius
152 2886 192 2948 de
210 2886 349 2948 adventu
367 2907 439 2947 cum
457 2884 543 2948 fama
559 2885 593 2948 in
608 2882 775 2950 Graeciam
793 2895 878 2950 esset
893 2885 1023 2971 perlata,
1043 2894 1074 2948 et
1093 2903 1107 2950 6

41 2978 181 3040 maxime
199 2976 412 3039 Athenienses
430 2977 495 3060 peti
513 2979 689 3042 dicerentur
705 2988 833 3064 propter
849 3002 990 3063 pugnam
1002 2978 1075 3042 Ma-

41 3068 231 3144 rathoniam,
246 3068 550 3152 miseruntDelphos
565 3072 752 3146 consultum,
771 3071 922 3152 quidnam
936 3071 1076 3133 facerent

42 3163 82 3226 de
100 3161 197 3226 rebus
221 3161 298 3226 suis.
334 3161 578 3226 deliberantibus
600 3161 719 3246 Pythia
739 3161 913 3246 respondit,
937 3169 972 3224 ut
990 3181 1075 3224 moe-

42 3255 136 3320 nibus
154 3255 268 3341 ligneis
288 3277 323 3320 se
337 3255 503 3320 munirent.
530 3256 563 3320 id
576 3277 763 3341 responsum
778 3276 841 3339 quo
856 3255 982 3332 valeret,
1002 3276 1074 3318 cum
1094 3273 1108 3320 7

42 3349 231 3435 intelligeret
248 3371 356 3428 nemo,
380 3349 610 3424 Themistocles
628 3349 794 3436 persuasit,
819 3349 984 3414 consilium
1003 3369 1074 3412 esse

43 3439 215 3526 Apollinis,
235 3444 319 3508 utin
337 3467 434 3511 naves
458 3467 492 3509 se
511 3467 630 3528 suaque
649 3445 838 3509 conferrent:
862 3465 934 3507 eum
952 3443 1036 3508 enim
1054 3465 1074 3506 a

42 3535 103 3600 deo
126 3537 296 3622 significari
317 3562 443 3605 murum
460 3540 611 3626 ligneum.
644 3539 698 3604 tali
716 3539 846 3604 consilio
867 3539 999 3623 probato
1017 3538 1073 3602 ad·
1090 3556 1106 3604 8

44 3628 122 3693 dunt
140 3631 181 3694 ad
199 3632 376 3716 superiores
394 3634 524 3698 totidem
541 3655 639 3698 naves
658 3634 799 3698 triremes
818 3653 938 3716 suaque
956 3631 1071 3704 omnia,

43 3743 126 3804 quae
156 3724 277 3787 moveri
308 3736 466 3808 poterant,
492 3728 607 3810 partim
635 3725 810 3802 Salamina,
838 3725 952 3809 partim
974 3722 1073 3785 Troe-

43 3838 124 3879 zena
142 3815 319 3899 deportant,
348 3839 452 3880 arcem
475 3819 689 3883 sacerdotibus
711 3819 883 3904 paucisque
901 3811 1071 3878 maioribus

41 3917 120 3971 natu
151 3929 189 3971 ac
215 3929 305 3974 sacra
334 3910 531 3994 procuranda
561 3911 704 3988 tradunt,
735 3911 891 3992 reliquum
921 3907 1071 3993 oppidum

41 4001 233 4087 relinquunt.
