2758 4726
452 227 644 284 EUMENES.
1020 223 1065 288 65

35 343 150 408 nacula
166 351 275 426 posset
292 341 457 426 perveniri.
485 362 618 424 quarum
632 339 756 408 brevior
772 367 828 429 per
844 347 913 413 loca
926 349 1058 428 deserta,
1079 367 1097 417 o
1131 355 1133 360 ’

36 441 117 520 quae
136 457 229 500 nemo
246 433 402 498 incolebat
417 443 546 518 propter
559 455 661 516 aquae
678 435 826 521 inopiam,
846 450 981 507 ceterum
994 445 1061 509 die-

35 551 104 594 rum
123 537 189 592 erat
206 527 272 591 fere
290 526 414 604 decem3
432 525 614 603 dicantem,
634 550 697 609 qua
711 551 819 594 omnes
834 534 1058 612 commeabant,

36 621 131 684 altero
145 629 231 684 tanto
246 619 420 704 longiorem
429 619 567 684 habebat
580 620 766 699 anfractum,
787 622 844 688 sed
858 626 1063 708 eratcopiosa

36 714 236 796 omniumque
253 735 358 776 rerum
375 713 548 776 abundans.
575 713 636 778 hac
650 715 677 778 si
694 715 953 799 proficisceretur,
971 719 1062 782 intel·
1079 739 1094 786 6

35 807 151 894 ligabat
167 805 254 891 prius
273 806 467 872 adversarios
481 807 649 874 rescituros
668 809 707 872 de
722 831 781 874 suo
799 811 947 888 adventu,
966 833 1077 894 quamv

34 902 101 986 ipse
119 900 242 964 tertiam
263 907 385 984 partem
402 900 590 965 confecisset
606 901 741 979 itineris3
765 903 815 966 sin
831 925 890 988 per
905 904 976 968 loca
993 905 1062 970 sola

35 994 247 1070 contenderet,
271 992 417 1078 sperabat
435 1015 470 1058 se
491 993 723 1078 imprudentem
744 996 869 1062 hostem
892 1019 1062 1082 oppressu-

33 1111 114 1152 rum.
141 1088 181 1152 ad
198 1087 280 1152 hanc
293 1109 360 1151 rem
374 1087 599 1152 conficiendam
616 1087 780 1171 imperavit
793 1111 889 1172 quam
906 1091 1058 1176 plurimos
1078 1111 1093 1159 t

33 1191 120 1245 utres
137 1189 233 1264 atque·
253 1181 348 1246 etiam
365 1180 483 1244 culleos
502 1181 689 1264 comparari,
712 1183 880 1264 posthaec
897 1183 1057 1268 pabulum,

33 1283 193 1358 praeterea
214 1273 332 1338 cibaria
354 1281 442 1336 cocta
464 1273 585 1336 dierum
608 1273 731 1349 decem,
759 1281 794 1336 ut
816 1295 911 1356 quam
931 1277 1059 1340 minime

33 1364 125 1432 fieret
141 1367 224 1453 ignis
241 1367 276 1429 in
293 1365 414 1430 castris.
448 1363 551 1449 [tem]
571 1365 643 1442 iter,
671 1367 756 1448 quod
773 1366 924 1444 habebat,
951 1390 1060 1432 omnes

32 1461 122 1524 celat.
150 1460 196 1524 sie
212 1467 350 1544 paratus,
369 1458 660 1540 quaconstituerat,
679 1458 895 1542 proficiscitur.

81 1552 147 1617 IX.
174 1552 352 1616 Dimidium
375 1551 440 1615 fere
464 1552 597 1635 spatium
617 1552 803 1630 confecerat,
823 1575 896 1616 cum
913 1577 954 1619 ex
971 1554 1059 1619 fumo
1079 1577 1093 1622 1

29 1656 208 1710 castrorum
229 1646 296 1709 cius
320 1645 457 1728 suspicio
479 1644 572 1708 allata
594 1654 642 1708 est
659 1645 700 1708 ad
716 1644 910 1723 Eumenem,
935 1647 1060 1712 hostem

26 1738 293 1823 appropinquare.
320 1738 507 1802 conveniunt
521 1737 615 1802 duces
621 1763 630 1816 3
649 1760 807 1820 quaerere,
826 1740 903 1822 quid
921 1763 1000 1824 opus
1019 1742 1060 1805 sit

14 1831 125 1916 ,facto
161 1829 378 1916 intelligebant
395 1852 516 1906 omnes,
541 1839 605 1894 tam
628 1831 768 1896 celeriter
789 1832 896 1916 copias
918 1833 1061 1916 ipsorum

14 1921 173 2015 ⁸(contrahi
191 1946 254 1988 non
270 1945 375 2008 posse,
394 1944 489 2006 quarn
506 1921 689 2009 Antigonus
708 1925 863 1988 affuturus
881 1925 1056 1991 videbatur.

15 2015 81 2080 :liic
95 2016 240 2082 omnibus
263 2015 469 2082 titubantibus
488 2025 519 2079 et
537 2017 577 2078 de
598 2016 693 2079 rebus
714 2018 844 2080 summis
862 2018 1057 2101 desperanti·
1076 2040 1095 2085 2·

14 2113 20 2180 'r
30 2109 90 2175 bus
106 2111 268 2176 Eumenes
292 2111 348 2186 ait,
364 2109 400 2172 si
422 2109 612 2172 celeritatem
629 2108 726 2170 velint
743 2107 891 2170 adhibere
909 2118 940 2170 et
960 2110 1060 2191 impe·
1172 2131 1175 2138 ’

17 2191 98 2270 'rata
115 2205 235 2278 facere,
258 2203 344 2284 quod
361 2208 434 2263 ants
450 2221 515 2262 non
531 2198 676 2274 fecerint,
697 2219 730 2261 se
747 2220 815 2262 rem
833 2199 1066 2281 expediturum..

26 2321 106 2363 nam
123 2296 210 2380 quod
227 2294 338 2358 diebus
356 2292 493 2375 quinque
510 2291 610 2356 hostis
629 2292 778 2356 transisse
795 2300 912 2375 posset,
932 2313 967 2356 se
985 2293 1061 2356 effe-

14 2402 166 2466 cturum,
184 2395 220 2451 ut
237 2409 300 2451 non
318 2386 421 2450 minus
440 2385 570 2449 totidem
583 2383 704 2448 dierum
721 2385 822 2468 spatio
835 2386 1057 2451 retardaretur:

26 2503 129 2565 quare
151 2481 362 2556 circumirent,
390 2499 464 2542 suas
487 2479 620 2560 quisquc
647 2479 843 2543 contraheret
864 2481 980 2564 copias.
1017 2481 1091 2546 ade

29 2574 185 2660 Antigoni
197 2581 303 2637 autem
315 2571 537 2636 refrenandum
549 2571 702 2655 impetum
714 2571 776 2636 tale
790 2573 874 2656 capit
883 2568 1057 2636 consilium.

30 2677 131 2732 certos
149 2667 244 2730 mittit
260 2665 402 2730 homines
421 2665 463 2729 ad
483 2663 607 2728 infimos
631 2672 768 2742 montes,
791 2665 847 2746 qui
864 2663 950 2728 obvii
972 2671 1060 2727 erant

30 2761 133 2826 itineri
154 2759 419 2835 adversariorum,
446 2757 559 2841 hisque
581 2757 746 2842 praecipit,
772 2766 809 2820 ut
833 2756 935 2842 prima
956 2765 1058 2834 nocte,

31 2876 127 2936 quam
143 2853 296 2920 latissime
313 2853 450 2940 possint,
469 2853 570 2938 ignes
588 2852 705 2916 faciant
722 2873 819 2936 quam
835 2852 990 2918 maximos
1013 2861 1060 2918 at-

29 2969 94 3029 que
115 2947 173 3012 hos
195 2947 334 3023 secunda
355 2945 465 3032 vigilia
486 2945 641 3022 minuant,
664 2945 755 3010 tertia
775 2946 966 3030 perexiguos
987 2947 1059 3010 red·
1076 2963 1100 3008 4,

28 3042 111 3104 dant
137 3049 168 3102 et
187 3040 369 3106 assimulata
396 3048 571 3103 castrorum
599 3039 824 3103 consuetudine
848 3037 1059 3118 suspicionem

31 3132 175 3197 iniiciant
195 3132 352 3210 hostibus,
379 3132 430 3196 his
447 3132 524 3196 locis
548 3153 618 3196 esse
641 3140 800 3194 castraae
816 3128 856 3191 de
879 3147 987 3192 eorum
1004 3127 1060 3190 ad·

31 3235 128 3290 ventu
146 3247 216 3291 esse
234 3225 486 3312 praenuntiatum
492 3250 502 3302 ;
519 3225 665 3308 idemque
683 3229 810 3308 postera
822 3229 914 3286 nocte
932 3218 1058 3284 faciant.

33 3320 148 3402 quibus
164 3321 353 3404 imperatum
370 3329 446 3397 erat,
465 3319 630 3404 diligenter
642 3324 844 3402 praeceptum
854 3321 972 3380 curant.
990 3310 1061 3378 An·
1078 3330 1093 3376 5

31 3414 158 3498 tigonus
176 3413 313 3478 tenebris
331 3413 449 3480 obortis
472 3414 562 3499 ignes
581 3413 795 3496 conspicatur;
817 3409 924 3487 credit,
943 3409 983 3474 de
1001 3431 1060 3474 suo

31 3507 169 3572 adventu
186 3529 257 3572 esse
275 3507 416 3577 auditum
430 3515 462 3571 et
473 3505 671 3571 adversarios
688 3505 763 3570 illuc
778 3525 851 3570 suas
867 3503 1060 3569 contraxisse
1148 3536 1151 3542 ·

32 3601 148 3684 copias.
174 3609 277 3665 mutat
289 3601 455 3665 consilium
470 3609 510 3677 et,
530 3599 679 3682 quoniam
697 3598 928 3684 imprudentem
945 3595 1059 3661 adoriri
1078 3610 1093 3656 o

31 3715 94 3756 non
110 3703 229 3778 posset,
247 3694 345 3758 flectit
360 3693 420 3757 iter
433 3699 530 3758 'suum
544 3702 576 3757 et
592 3693 680 3758 illum
694 3693 870 3758 anfractum
886 3689 1060 3772 longiorem

31 3787 179 3870 copiosae
196 3787 268 3851 viae
285 3787 370 3872 capit
390 3786 496 3870 ibique
514 3787 598 3854 diem
619 3807 718 3850 unum
736 3784 896 3868 opperitur
912 3779 954 3844 ad
970 3775 1061 3842 lassi-

30 3882 172 3946 tudinem
190 3882 362 3947 sedandam
379 3882 513 3948 militum
531 3904 569 3948 ac
585 3879 753 3948 reficienda
769 3879 918 3950 iumenta,
936 3893 999 3956 quo
1012 3870 1061 3936 in-

30 3975 166 4060 tegriore
184 3977 323 4044 eriercitu
341 3976 529 4044 decerneret.

81 4074 286 4130 comettnsdopor.
829 4067 847 4122 5
