2758 4726
331 269 374 335 72
661 277 846 334 CORNELII
857 273 1019 334 NEPOTIS

330 417 425 481 quam
444 416 478 458 se
494 395 529 458 in
542 414 581 456 ea
592 412 626 455 re
644 391 780 455 maxime
797 390 858 455 diis
876 412 969 475 agere
986 391 1102 475 gratias
1116 398 1210 474 atque
1226 393 1337 472 habere,

330 489 425 572 quod,
445 508 517 551 cum
536 483 677 550 Siciliam
693 504 833 548 recreare
851 483 1095 560 constituissent,
1118 491 1186 548 tum
1204 507 1238 552 se
1255 488 1340 571 potis-

296 583 447 652 ssimum
464 581 576 644 ducem
594 599 664 642 esse
686 576 867 642 voluissent.
902 576 981 641 nihil
1008 577 1091 641 enim
1115 598 1221 642 rerum
1242 579 1342 644 huma·

330 697 441 740 narum
468 674 535 737 sine
560 671 690 736 deorum
714 669 842 734 numine
867 669 935 754 geri
964 669 1104 754 putabat.
1143 671 1250 753 itaque
1277 695 1340 738 suae

331 769 418 832 domi
431 765 580 832 sacellum
595 759 808 845 Αὐτοματίας
825 762 1026 826 constituerat
1042 763 1137 845 idque
1155 765 1339 830 sanctissime

330 861 461 927 colebat.

297 977 310 1022 1
380 953 421 1018 V.
448 951 503 1015 Ad
523 951 605 1014 hanc
626 949 761 1014 hominis
780 949 983 1014 excellentem
1000 948 1170 1014 bonitatem
1191 952 1340 1018 mirabiles

329 1053 525 1112 accesserant
539 1064 641 1107 casus.
668 1065 743 1108 nam
755 1042 874 1128 proelia
886 1043 1023 1107 maxima
1031 1043 1127 1108 natali
1141 1065 1198 1108 suo
1212 1044 1265 1110 die
1279 1046 1342 1110 fecit

329 1141 448 1214 omnia,
470 1159 533 1219 quo
550 1135 669 1202 factum
689 1146 750 1214 est,
769 1146 804 1199 ut
822 1137 889 1200 eius
907 1136 990 1200 diem
1008 1136 1143 1200 natalem
1161 1136 1280 1202 festum
1296 1138 1343 1201 ha·
1364 1207 1365 1216 χ

140 1279 145 1286 -
214 1273 219 1290 ·
295 1231 416 1300 aberet
442 1230 588 1294 universa
615 1227 732 1294 Sicilia.
767 1229 841 1294 huic
867 1229 994 1312 quidam
1018 1228 1229 1313 Laphystius‚
1256 1231 1344 1296 homo

327 1323 471 1409 petulans
495 1332 526 1388 et
551 1324 706 1409 ingratus,
733 1322 947 1387 vadimonium
969 1343 1040 1386 cum
1062 1322 1156 1386 vellet
1180 1321 1344 1407 imponere,

328 1417 414 1500 quod
432 1439 505 1482 oum
521 1417 575 1481 illo
594 1438 628 1480 se
645 1417 716 1502 lege
733 1437 827 1502 agere
845 1416 969 1492 diceret,
989 1425 1020 1479 et
1033 1415 1208 1498 complures
1222 1437 1346 1480 concur-
1365 1429 1366 1456 ³

328 1511 452 1586 rissent,
471 1510 526 1590 qui
542 1509 764 1592 procacitatem
781 1508 916 1572 hominis
934 1507 1079 1572 manibus
1097 1512 1241 1572 coercere
1260 1529 1346 1572 oona-

328 1611 448 1676 rentur‚
468 1600 633 1664 Timoleon
650 1600 750 1664 oravit
771 1622 893 1677 omnes,
921 1622 961 1664 ne
978 1601 1012 1664 id
1033 1599 1179 1664 facerent.
1214 1622 1346 1684 namque

327 1694 361 1756 id
378 1692 598 1776 utLaphystio
617 1700 647 1753 et
660 1691 760 1754 cuivis
777 1691 893 1768 liceret,
913 1715 947 1756 se
960 1693 1114 1758 maximos
1127 1693 1251 1758 labores
1267 1716 1347 1758 sum·

327 1786 441 1868 meque
455 1785 569 1848 adiisse
581 1779 727 1864 pericula.
754 1783 836 1845 hanc
850 1784 933 1846 enim
948 1786 1084 1865 speciem
1100 1785 1253 1850 libertatis
1268 1807 1348 1860 esse,

328 1875 530 1949 nomnibus,
549 1873 631 1953 quod
650 1874 783 1953 quisque
800 1874 902 1948 vellet,
929 1874 1053 1957 legibus
1076 1877 1209 1957 experiri
1230 1879 1350 1944 liceret

293 1988 308 2032 3
325 1967 418 2040 idem,
438 1986 510 2026 cum
523 1964 649 2046 quidam
658 1964 828 2047 Laphystii
845 1965 966 2040 similis,
984 1966 1110 2028 nomine
1118 1965 1353 2044 Demaenetus,

324 2059 358 2121 in
376 2055 519 2122 contione
536 2056 645 2141 populi
666 2057 705 2120 de
726 2055 820 2120 rebus
838 2057 936 2142 gestis
958 2057 1025 2121 eius
1048 2057 1208 2121 detrahere
1226 2060 1355 2141 coepis-

318 2158 376 2214 -set
393 2170 431 2212 ac
446 2149 597 2214 nonnulla
609 2148 806 2212 inveheretur
823 2149 856 2212 in
866 2149 1073 2225 Timoleonta,
1091 2149 1178 2226 dixit,
1196 2170 1284 2212 nunc
1300 2151 1353 2215 de·
1368 2185 1369 2210 ³

326 2264 415 2306 mum
433 2263 467 2306 se
485 2241 550 2306 voti
572 2262 643 2304 esse
661 2242 855 2306 damnatum:
878 2262 1013 2324 namque
1030 2241 1091 2306 hoc
1108 2264 1128 2306 a
1144 2241 1204 2303 diis
1222 2240 1349 2307 immor-

326 2333 441 2398 talibus
465 2355 588 2416 semper
608 2343 783 2418 precatum,
806 2341 842 2396 ut
863 2333 958 2397 talem
979 2332 1154 2398 libertatem
1171 2333 1346 2398 restitueret

327 2423 550 2506 Syracusanis,
574 2426 607 2486 in
625 2446 688 2506 qua
705 2425 804 2488 cuivis
821 2425 942 2502 liceret,
961 2425 1000 2490 de
1018 2447 1081 2508 quo
1098 2423 1201 2502 vellet,
1219 2423 1344 2508 impune

291 2539 308 2584 4
326 2515 438 2580 dicere,
465 2514 516 2577 hic
534 2535 606 2578 cum
624 2516 707 2578 diem
726 2537 907 2599 supremum
924 2516 1052 2593 obisset,
1070 2516 1195 2601 publice
1214 2541 1234 2580 a
1253 2515 1343 2602 Syra-

326 2607 452 2672 cusanis
469 2607 513 2670 im
531 2607 705 2691 gymnasio,
724 2608 809 2688 quod
818 2607 1069 2676 Timoleonteum
1082 2609 1267 2696 appellatur,
1286 2618 1344 2674 tota

325 2699 500 2766 celebrante
519 2695 628 2764 Sicilia
645 2699 785 2782 sepultus
803 2709 860 2766 est.

598 2915 698 2980 XXI.
733 2917 802 2982 DE
823 2917 1068 2987 REGIBUS.

293 3091 306 3136 1
376 3068 403 3134 Ι.
432 3068 479 3134 Ηί
496 3067 562 3133 fere
580 3068 706 3134 fuerunt
721 3068 861 3137 Graecae
878 3074 981 3158 gentis
1000 3072 1106 3150 duces,
1125 3075 1179 3156 qui
1196 3073 1341 3138 memoria

324 3163 413 3248 digni
429 3163 606 3240 videantur,
628 3174 751 3248 praeter
767 3188 868 3251 reges.
895 3188 1030 3250 namque
1048 3189 1102 3232 eos
1120 3168 1272 3254 attingere
1288 3189 1340 3230 no

323 3254 455 3332 luimus,
479 3257 720 3336 quodomnium
744 3281 794 3322 res
813 3267 921 3342 gestae
940 3261 1107 3342 separatim
1130 3271 1203 3325 sunt
1218 3259 1336 3332 relatae.

292 3367 428 3430 aneque
455 3356 561 3410 tamen
585 3347 618 3410 hi
645 3349 814 3414 admodum
841 3358 913 3412 sunt
938 3349 1037 3412 multi.
1071 3351 1337 3418 Lacedaemonius

324 3448 430 3502 autem
437 3436 609 3522 Agesilaus
627 3440 762 3518 nomine,
780 3463 844 3504 non
860 3449 1015 3524 potestate
1032 3441 1093 3508 tuit
1109 3468 1175 3524 rex,
1195 3446 1277 3510 sicut
1293 3465 1339 3508 ee·

213 3582 219 3601 ,
254 3595 255 3602 ¹
326 3529 384 3590 teri
403 3527 559 3611 Spartani.
591 3553 632 3594 ex
647 3532 697 3596 his
714 3555 803 3610 vero,
826 3533 881 3616 qui
898 3533 1090 3601 dominatum
1106 3539 1236 3626 imperio
1254 3547 1338 3604 tenu·

324 3630 423 3699 erunt,
442 3623 694 3690 excellentissimi
707 3626 843 3704 fuerunt,
856 3636 892 3692 ut
904 3651 961 3694 nos
975 3630 1159 3710 iudicamus,
1172 3633 1337 3698 Persarum

326 3715 430 3802 Cyrus
444 3713 610 3795 etDarius,
629 3718 784 3804 Hystaspi
801 3719 894 3800 filius,
912 3744 1044 3806 quorum
1057 3735 1186 3810 uterque
1199 3727 1336 3811 privatus

323 3810 437 3874 virtute
450 3831 582 3896 regnum
596 3820 644 3876 est
656 3811 797 3896 adeptus.
823 3815 908 3899 prior
916 3814 1030 3882 borum
1043 3819 1127 3904 apud
1138 3817 1335 3905 Massagetas

322 3902 356 3966 in
372 3902 491 3987 proelio
509 3903 634 3981 cecidit3
651 3903 770 3972 Darius
789 3913 946 3977 senectute
960 3911 1042 3974 diem
1054 3911 1131 3976 obiit
1148 3933 1335 3997 supremum.

290 4013 305 4060 a
324 4004 386 4060 tres
405 4005 478 4062 sunt
494 4006 654 4081 praeterea
671 3998 810 4066 eiusdem
828 4005 961 4088 generis,
979 4004 1105 4072 Xerxes
1124 4015 1154 4072 et
1172 4003 1337 4072 dqurta·
