2758 4726
312 267 355 334 56
643 247 1003 328 conunnnunro'us

310 401 381 460 rent
399 409 522 474 semper
538 408 645 473 reges,
664 386 790 450 nomine
808 383 911 468 magis
929 405 1024 467 quarn
1042 381 1183 468 imperio,
1204 405 1244 448 ex
1264 385 1338 452 dua·

311 487 372 552 bus
390 484 517 549 familiis
535 481 641 544 Procli
659 489 690 544 et
707 478 930 562 Eurysthenis,
954 477 1008 560 qui
1029 477 1186 562 principes
1210 500 1251 542 ex
1268 502 1339 564 pro-

280 605 295 652 s
314 577 565 668 genieHerculis
581 573 713 658 Spartae
730 594 821 656 reges
841 571 976 636 fuerunt.
1004 571 1116 635 horum
1134 593 1174 635 ex
1192 572 1289 638 altera
1304 575 1338 638 in

314 675 439 742 alterius
458 671 595 736 familiae
608 669 712 733 lecum
725 667 792 730 fieri
809 689 871 732 non
889 665 1016 730 licebat:
1035 667 1078 730 ita
1095 675 1226 749 utraque
1246 691 1337 732 suum

313 767 467 836 retinebat
484 765 632 831 ordinem.
660 763 795 846 primum
812 761 891 824 ratio
909 760 1091 836 habebatur,
1111 761 1165 843 qui
1181 762 1337 826 maximus

313 873 390 929 natu
408 870 490 926 esset
509 882 547 923 ex
565 857 671 923 liberis
690 857 772 932 eius,
792 856 845 937 qni
863 877 998 940 regnans
1018 855 1220 932 decessisset3
1246 856 1337 920 sinis

313 957 434 1022 virilem
449 975 559 1019 sexum
576 975 639 1016 non
653 950 839 1033 reliquisset,
859 959 925 1013 tum
940 949 1142 1035 deligebatur,
1162 951 1216 1032 qui
1233 951 1339 1034 proxi-

278 1073 383 1120 4mus
407 1059 490 1116 esset
511 1047 752 1132 propinquitate.
784 1055 925 1109 mortuus
950 1055 1015 1108 erat
1037 1043 1120 1129 Agis
1143 1067 1213 1121 rex,
1242 1044 1338 1108 frater

312 1144 465 1230 Agesilai.
492 1142 591 1206 filium
608 1139 775 1222 reliquerat
791 1138 1029 1223 Leotychidem,
1049 1161 1143 1221 quem
1160 1138 1211 1202 ille
1229 1148 1340 1202 natum

313 1261 376 1302 non
398 1245 543 1322 agnorat3
571 1234 705 1298 eundem
728 1233 863 1297 moriens
887 1255 979 1296 suum
1001 1253 1071 1296 esse
1090 1231 1219 1296 dixerat.
1253 1233 1279 1296 is
1300 1233 1339 1294 de

312 1332 431 1396 honore
448 1330 537 1416 regni
556 1351 628 1394 cum
646 1327 808 1413 Agesilao,
827 1335 938 1412 patruo
957 1348 1023 1403 sue,
1043 1325 1210 1402 contendit,
1234 1347 1339 1407 neque

279 1426 360 1503 aid,
383 1425 468 1508 quod
490 1424 614 1509 petivit,
639 1431 826 1488 consecutus
850 1429 906 1485 est.
939 1443 1012 1485 nam
1034 1419 1203 1504 Lysandro
1227 1418 1340 1482 suffra-

313 1529 417 1605 gante,
441 1518 576 1594 homine,
599 1527 635 1579 ut
652 1517 846 1580 ostendimus
866 1539 969 1600 supra,
993 1515 1124 1579 factioso
1143 1515 1241 1579 ethis
1261 1523 1341 1579 tem·
1366 1597 1367 1600 Ἴ

312 1613 441 1698 poribus
459 1621 593 1694 potente,
612 1609 784 1693 Agesilaus
803 1610 957 1674 antelatus
976 1619 1037 1674 est.
1366 1611 1367 1624 ¹

279 1728 293 1773 1
364 1705 409 1768 H.
436 1705 500 1768 Hie
519 1702 705 1782 simulatque
719 1703 841 1784 imperii
858 1704 976 1784 potitus
995 1713 1052 1779 est,
1071 1703 1227 1787 persuasit
1236 1703 1343 1766 Lacc-

314 1798 499 1870 daemoniis,
527 1805 562 1856 ut
584 1794 739 1856 exercitus
762 1793 937 1856 emitterent
963 1797 995 1858 in
1017 1796 1131 1859 Asiam
1158 1797 1344 1878 bellumque

311 1891 379 1972 regi
397 1889 543 1961 facerent,
563 1886 679 1948 docens
699 1886 796 1948 satius
815 1906 885 1947 esse
903 1885 935 1947 in
950 1885 1031 1948 Asia
1044 1907 1139 1966 quam
1158 1887 1191 1948 in
1204 1887 1345 1972 Europa

312 1979 461 2044 dimicari.
501 1999 636 2059 namque
663 1977 749 2040 fama
774 1976 905 2052 exierat,
929 1976 1128 2040 Artaxerxen
1155 1999 1350 2060 comparare

312 2072 429 2136 classes
448 2071 672 2155 pedestresque
687 2070 850 2146 exercitus,
870 2092 949 2152 quos
967 2067 1177 2134 inGraeeiam
1190 2071 1350 2136 mitteret.

278 2169 294 2234 '2
312 2168 385 2232 data
401 2175 556 2250 potestate
574 2174 661 2230 tanta
678 2165 834 2230 celeritate
852 2186 928 2228 usus
948 2174 1004 2240 est,
1024 2174 1058 2226 ut
1072 2163 1157 2247 prius
1176 2164 1209 2228 in
1222 2165 1348 2228 Asiam

313 2283 386 2326 oum
408 2259 506 2343 copiis
528 2259 716 2342 pervenerit,
741 2279 835 2342 quam
860 2257 939 2342 regii
963 2265 1104 2340 satrapae
1127 2278 1199 2319 eum
1223 2256 1346 2320 scireut

311 2353 497 2438 profectum.
530 2373 592 2434 quo
615 2352 734 2416 facturn
757 2360 817 2428 est,
841 2361 876 2414 ut
899 2373 1006 2415 omnes
1029 2350 1198 2434 imparatos
1221 2349 1343 2434 impru-

278 2446 485 2528 ardentesque
509 2445 689 2510 offenderet.
725 2445 758 2508 id
786 2454 819 2506 ut
841 2445 989 2528 cognovit
1012 2443 1257 2527 Tissaphernes,
1287 2443 1341 2525 qui

312 2562 472 2604 summum
493 2539 659 2622 imperium
681 2547 748 2600 tum
770 2537 851 2600 inter
872 2537 1046 2621 praefectos
1065 2535 1202 2601 habebat
1223 2537 1340 2620 regios,

311 2634 448 2698 indutias
467 2657 486 2696 a
503 2633 633 2696 Lacone
655 2631 766 2715 petivit
784 2630 949 2707 simulans,
978 2653 1012 2695 se
1035 2631 1109 2696 dare
1133 2651 1276 2715 operam,
1307 2639 1339 2692 ut

311 2726 574 2792 Lacedaemoniis
598 2747 670 2789 cnm
692 2747 767 2810 rege
795 2725 987 2802 conveniret,
1015 2747 1048 2788 re
1072 2733 1177 2788 autem
1198 2745 1275 2787 vera
1299 2723 1338 2786 ad

277 2841 296 2887 4
314 2821 419 2904 copias
434 2820 675 2903 comparandam
696 2841 811 2902 easque
824 2819 1002 2904 impetravit
1015 2818 1196 2883 trimestres.
1224 2817 1337 2882 iurarit

312 2923 418 2978 autem
439 2923 584 2995 uterque,
609 2933 644 2976 se
667 2913 734 2976 sine
758 2913 829 2978 dolo
851 2913 988 2978 indutias
1011 2922 1276 2978 conservaturum.
1302 2911 1335 2972 in

311 3029 375 3090 qua
399 3006 543 3091 pactione
570 3029 694 3071 summa
719 3007 781 3070 fide
807 3009 923 3071 mansit
948 3006 1133 3093 Agesilaum
1166 3015 1274 3071 contra
1301 3027 1335 3068 ea

278 3121 294 3168 5
312 3100 541 3186 Tissaphernes
559 3101 637 3166 nihil
655 3101 741 3166 aliud
759 3123 853 3184 quam
867 3101 985 3166 bellum
999 3100 1200 3186 comparavit.
1227 3100 1262 3164 id
1278 3098 1336 3162 etsi

313 3196 467 3261 sentiebat
484 3197 588 3272 Laco,
612 3206 718 3260 tamen
739 3196 956 3262 iusiurandum
975 3194 1120 3260 servabat
1141 3193 1334 3274 multumque

311 3290 345 3353 in
363 3312 400 3354 eo
420 3313 453 3355 se
472 3289 622 3372 consequi
636 3289 769 3365 dicebat,
788 3291 873 3371 qnod
883 3288 1110 3372 Tissaphernes
1128 3287 1261 3372 periurio
1275 3305 1332 3348 suo

313 3393 344 3447 et
360 3383 503 3446 homines
524 3383 588 3446 suis
606 3384 701 3448 rebus
720 3383 909 3446 abalienaret
927 3390 958 3444 et
975 3380 1050 3444 deos
1071 3381 1131 3445 sibi
1152 3383 1248 3445 iratos
1266 3377 1333 3442 red·

312 3475 399 3537 deret
404 3499 412 3550 3
433 3496 466 3538 se
480 3483 586 3539 autem
600 3484 783 3541 conservata
795 3473 944 3558 religione
959 3473 1141 3539 confirmare
1155 3474 1331 3548 exercitum,
1345 3473 1347 3480 ’

312 3589 384 3631 cum
403 3567 670 3644 animadverteret,
690 3567 783 3629 deum
796 3587 912 3628 numen
925 3565 1028 3631 faeere
1043 3589 1159 3645 secum,
1178 3567 1332 3631 homines-

311 3683 373 3746 que
397 3661 458 3727 sibi
475 3663 640 3728 conciliare
662 3660 838 3736 amiciores,
862 3660 946 3742 quod
967 3661 1016 3727 his
1040 3662 1165 3728 studere
1187 3683 1332 3728 consues-

312 3765 390 3834 sent,
410 3779 488 3840 quos
508 3776 691 3820 conservare
709 3752 804 3817 fidem
821 3753 971 3822 viderent.

278 3867 292 3912 1
362 3850 424 3914 III.
461 3849 635 3931 Postquam
666 3847 856 3914 indutiarum
885 3851 1043 3935 praeteriit
1069 3849 1150 3928 dies,
1182 3850 1331 3916 barbarus

310 3966 373 4007 non
387 3942 543 4019 dubitans,
562 3943 647 4025 quod
660 3942 759 4028 ipsius
773 3951 861 4008 e'rant
874 3945 1007 4030 plurima
1016 3945 1172 4009 domicilia
1185 3945 1219 4007 in
1230 3943 1329 4016 caria,

292 4044 342 4098 .et
355 4055 393 4100 ea
404 4037 493 4122 regio
505 4036 555 4100 his
573 4037 766 4124 temporibus
781 4039 879 4105 multo
896 4039 1066 4125 putabatur
1078 4038 1331 4124 locupletissima,
