2732 4722
509 262 615 320 mota
914 315 919 330 ,
1034 254 1078 320 35

45 385 80 448 in
104 383 225 448 caelum
247 379 351 444 fuerat
373 378 473 450 elatus
496 374 653 440 laudibus.
689 375 804 460 vulgus
828 388 931 444 autem
952 381 1077 448 offensa

45 477 79 540 iu
97 498 170 540 eum
188 474 322 540 militum
340 471 499 536 voluntate
512 467 641 534 liberius
659 467 845 551 loquebatur
862 481 893 534 et
908 465 1081 557 tyrannrun'

45 591 109 634 non
127 567 293 632 ferendum
310 564 481 630 dictitabat.

98 659 192 726 VHI.
219 659 311 724 Haec
333 658 385 722 ille
403 657 527 722 intuens
546 677 632 732 cum,
656 655 922 737 quemadmodum
945 659 1107 738 sedaret1

45 754 193 830 nesciret,
213 762 257 830 et,
276 773 427 835 quorsum
444 749 626 825 evaderent,
650 749 787 826 timeret,
808 747 990 814 Callicrates
1008 752 1077 833 qui-

46 849 129 923 dsrn,
148 847 226 911 civis
239 844 453 920 Atheniensis,
473 843 529 926 qui
547 835 640 906 simul
656 864 729 908 cum
747 865 785 908 eo
803 865 844 907 ex
856 842 1077 928 Peloponneso

45 941 79 1004 in
99 937 238 1004 Siciliam
256 947 397 1014 venerat,
420 937 514 1002 homo
532 945 563 1000 et
580 936 711 1000 callidus
730 945 761 1000 el
778 936 819 1000 ad
841 935 985 1003 fraudem
1003 959 1078 1002 acu·

44 1041 108 1108 tus,
127 1033 193 1096 sine
206 1032 271 1095 ulla
284 1031 435 1116 religione
448 1051 486 1096 ac
499 1029 570 1106 lide,
590 1031 655 1094 adit
668 1031 709 1094 ad
721 1029 860 1094 Dionem
878 1040 910 1094 et
927 1031 984 1096 ait:
1004 1053 1077 1096 eum
1094 1051 1109 1098 2

45 1146 163 1210 magno
176 1126 210 1190 in
217 1125 357 1212 periculo
366 1146 437 1190 esse
449 1133 577 1208 propter
585 1123 793 1188 offensionem
806 1125 914 1210 populi
928 1134 960 1188 et
968 1125 1077 1190 odium

45 1219 194 1296 rnilitum,
213 1219 299 1302 quod
316 1218 402 1282 nullo
420 1217 515 1280 modo
533 1216 650 1280 evitare
668 1225 789 1300 posset,
813 1219 874 1281 nisi
891 1218 985 1284 alicui
1003 1241 1077 1284 suo-

44 1335 116 1376 rum
132 1312 294 1398 negotium
308 1311 405 1387 daret,
425 1310 481 1392 qui
499 1330 533 1372 se
548 1308 709 1372 simularet
722 1309 767 1371 illi
783 1308 954 1374 inimicum.
981 1331 1075 1394 quem

46 1407 74 1470 si
92 1406 266 1470 invenisset
282 1404 445 1479 idoneum,
468 1401 562 1466 facile
580 1401 720 1464 omnium
738 1401 859 1464 animos
878 1403 1077 1485 cogniturum

43 1499 305 1582 adversariosque
329 1497 538 1572 sublaturum,
562 1495 646 1577 quod
663 1495 780 1568 inimici
802 1495 870 1558 eius
888 1495 1076 1560 dissidentes

44 1613 122 1657 suos
142 1614 254 1658 sensus
277 1590 413 1676 aperturi
436 1589 546 1653 forent.
574 1587 628 1651 tali
651 1588 780 1652 consilio
797 1588 929 1672 probato
952 1589 1076 1673 excepit
1094 1611 1109 1657 3

2 1765 4 1770 ³
40 1684 104 1746 has
118 1693 224 1766 partes
237 1685 305 1768 ipsc
321 1683 504 1748 Callicrates
519 1690 549 1746 et
562 1703 596 1746 se
610 1689 709 1744 armat
722 1681 932 1766 imprudentia
944 1680 1073 1759 Dionis;

2 1831 3 1834 ,
40 1776 180 1843 adeum
197 1776 446 1841 interficiundum
470 1774 572 1839 socios
595 1775 762 1856 conquirit,
786 1775 982 1840 adversarios
1006 1775 1108 1842 eiuss

2 1935 6 1956 Ἴ,
42 1869 203 1944 convenit,
219 1869 429 1932 coniuratione
443 1867 615 1932 confirmat.
637 1888 698 1944 res,
713 1869 820 1932 multis
835 1870 978 1946 consciis,
993 1892 1074 1952 quae

1 2015 9 2038 ,,
41 1969 216 2045 gereretur,
241 1960 322 2024 elata
340 1960 478 2024 defertur
500 1961 541 2024 ad
556 1959 813 2039 Aristomachen,
837 1985 975 2028 sororem
992 1963 1073 2027 Dio-

1 2108 10 2145 ¹:
41 2054 102 2130 nis,
117 2074 311 2136 uxoremque
323 2051 453 2118 Areten.
471 2053 543 2118 illae
557 2054 668 2118 timore
680 2055 860 2138 perterritae
874 2057 1071 2132 conveniunt,

1 2203 12 2224 ,Ι
42 2146 135 2212 cuius
153 2147 193 2210 de
205 2146 345 2231 periculo
358 2144 519 2211 timebant.
546 2157 578 2210 at
595 2147 648 2212 ille
664 2156 768 2232 negat,
788 2171 807 2212 a
822 2146 988 2212 Callicrate
1005 2149 1072 2210 fieri
1090 2169 1106 2215 5

1 2295 3 2330 ἱ
41 2239 107 2303 sibi
123 2239 264 2318 insidias,
284 2241 341 2304 sed
358 2240 421 2318 illa,
440 2262 521 2323 quae
540 2250 714 2326 agerentur,
734 2239 802 2304 fieri
818 2248 985 2323 praecepto
1004 2260 1071 2302 suo.

1 2411 2 2414 Ἴ
39 2332 193 2395 mulieres
214 2333 310 2397 nihilo
333 2333 436 2398 secius
456 2333 656 2399 Callicratem
677 2335 711 2398 in
732 2333 844 2398 aedem
864 2332 1072 2417 Proserpinae

2 2467 12 2482 .
40 2425 205 2490 deducunt
217 2447 254 2490 ac
266 2427 367 2492 iurare
381 2439 507 2514 cogunt,
525 2429 604 2492 nihil
617 2429 656 2493 ab
670 2429 724 2492 illo
738 2427 869 2513 periculi
882 2427 949 2493 fore
962 2427 1071 2492 Dioni.
1097 2481 1100 2488 .

38 2519 96 2583 ille
114 2517 174 2584 hac
186 2519 337 2606 religione
353 2544 416 2587 non
434 2523 528 2588 modo
541 2545 605 2588 non
618 2531 667 2587 est
679 2522 853 2599 deterritus,
874 2522 931 2585 sed
948 2521 989 2585 ad
1006 2544 1073 2586 ma-

39 2613 213 2677 turandum
231 2615 403 2680 concitatus
422 2623 484 2692 est,
503 2638 630 2694 verens,
653 2639 693 2680 ne
710 2617 797 2700 prius
816 2615 982 2679 consilium
999 2635 1073 2696 ape-

39 2707 153 2772 riretur
171 2729 278 2785 suum,
297 2730 393 2791 quam
409 2719 522 2774 conata
537 2711 732 2795 perfecisset.

92 2799 157 2864 IX.
184 2801 258 2866 Hac
276 2812 381 2867 mente
394 2805 538 2888 proximo
556 2805 606 2868 die
624 2803 717 2880 sesto,
736 2824 808 2866 cum
826 2825 845 2866 a
863 2808 1018 2866 conventu
1037 2819 1071 2864 se
1091 2819 1104 2866 1
1171 2801 1182 2819 “

39 2904 196 2962 remotum
212 2896 301 2962 Dion
318 2897 404 2962 domi
421 2907 539 2963 teneret
557 2907 650 2982 atque
672 2897 706 2962 in
723 2895 865 2963 conclavi
882 2895 966 2960 edito
983 2915 1088 2960 recu-.

39 2986 175 3064 buisset,
193 2989 325 3056 consciis
340 2991 486 3057 facinoris
500 2993 569 3057 loca
586 2993 753 3056 munitiora
770 2990 877 3074 oppidi
895 2989 997 3064 tradit,
1016 2989 1072 3052 do-

39 3101 134 3142 murn
156 3085 303 3148 custodiis
326 3086 440 3170 saepit,
464 3109 484 3149 a
500 3084 621 3149 foribus
644 3084 699 3166 qui
720 3105 784 3146 uon
805 3081 982 3156 discedant,
1005 3101 1071 3142 cer-

38 3183 91 3238 tos
114 3175 269 3257 praeficit3
291 3201 403 3244 navem
425 3179 583 3242 triremem
605 3176 732 3240 armatis
755 3183 844 3238 ornat
865 3171 1071 3236 Philostrato·
1089 3192 1104 3238 2

40 3283 102 3347 que
120 3265 210 3332 fratri
229 3291 286 3334 suo
304 3273 410 3348 tradit,
433 3292 565 3354 eamque
583 3271 616 3334 in
632 3278 726 3354 portu
743 3266 855 3354 agitari
871 3263 972 3341 iubet,
992 3272 1027 3327 ut
1045 3264 1072 3328 si

40 3379 186 3426 exercere
203 3364 339 3450 remiges
357 3364 464 3444 vellet,
489 3365 645 3450 cogitans,
668 3363 696 3428 si
717 3362 798 3428 forte
820 3357 958 3426 consiliis
976 3356 1073 3424 obsti-

39 3451 132 3515 tisset
153 3453 292 3534 fortuna,
315 3467 350 3522 ut
371 3458 514 3536 haberet,
538 3480 602 3542 qua
622 3457 748 3544 fugeret
769 3455 970 3521 adsalutem.
998 3473 1071 3517 suo·
1089 3471 1104 3517 3

38 3567 110 3610 rum
136 3555 243 3614 autern
264 3571 282 3614 e
304 3573 434 3616 numero
457 3551 649 3637 Zacynthios
676 3551 890 3616 adolescentes
917 3547 1071 3632 quosdam

38 3639 127 3725 eligit
145 3663 218 3706 cum
234 3645 463 3712 audacissimos
482 3657 549 3712 turn
567 3647 685 3714 viribus
704 3645 863 3722 maximis,
886 3643 999 3724 hisque
1017 3641 1071 3702 dat

36 3733 213 3818 negotium,
241 3737 283 3802 ad
304 3737 444 3805 Dionem
466 3750 539 3806 eant
563 3741 713 3816 inermes,
742 3739 787 3804 sic
808 3747 844 3802 ut
865 3730 1071 3799 conveniendi

36 3826 106 3892 eius
124 3829 226 3911 gratia
244 3831 425 3898 viderentur
441 3835 557 3900 venire.
584 3833 618 3896 hi
634 3823 761 3916 propter
773 3828 916 3894 notitiam
934 3831 1006 3888 sunt
1022 3822 1070 3884 in-

34 3919 185 3986 tromissi.
213 3931 246 3987 at
262 3923 309 3988 illi
326 3935 362 3990 ut
382 3926 479 3992 limen
497 3927 564 3992 eius
588 3925 754 3999 intrarunt,
777 3919 898 3985 foribus
917 3913 1069 3981 obseratis
1087 3935 1105 3984 4

33 4011 68 4075 in
87 4010 169 4106 lecto
187 4016 357 4085 cubantem
379 4021 545 4099 invadunt,
568 4018 730 4105 colligant3
751 4016 788 4080 fit
805 4011 967 4165 spepitus,
990 4009 1070 4076 adeo
