2758 4726
348 245 384 298 r.
397 210 623 300 remorsus
637 240 808 302 armeus,
842 192 847 202 ¹
1050 233 1108 313 95¹

59 359 152 427 aedis
174 358 261 424 Iovis
278 357 425 436 Feretrii,
452 357 486 422 in
504 355 662 442 Capitolio
688 355 728 422 ab
750 357 886 423 Romulo
911 361 1105 442 constituta'

59 460 220 518 vetustate
238 460 332 534 atque
349 451 470 516 inem-ia
486 451 609 514 detecta
626 448 849 534 prolaberetur,
867 461 903 514 ut
919 451 1019 520 Attici
1035 457 1091 520 ad-

60 547 184 613 monitu
199 543 320 610 Caesar
337 567 408 610 eam
424 544 625 610 reficiendam
643 553 775 609 curaret.
802 565 905 628 neque
922 567 997 612 vero
1011 548 1088 614 aM.
1108 571 1126 619 4
1154 593 1158 612 .

60 639 203 706 Antonio
220 637 326 703 minus
340 638 455 703 absens
472 637 583 702 litteris
598 636 773 714 colebatur,
793 638 873 702 adeo
894 648 930 702 ut
947 651 1090 708 accurate

60 734 114 800 ille
132 756 173 798 ex
189 731 307 796 ultimis
325 732 430 810 terris,
454 731 530 815 quid
547 739 670 818 ageret,
689 752 783 795 curae
801 731 862 796 sibi
878 729 1010 798 haberet
1027 755 1093 800 cer-

61 828 174 892 tiorem
191 825 295 892 facere
312 824 466 890 Atticum.
493 825 555 890 hoc
572 825 665 909 quale
684 825 738 903 sit,
757 825 882 890 facilius
900 827 1092 893 existimabit
1109 851 1127 898 5

62 923 99 999 is,
118 921 173 1004 qui
189 921 328 985 iudicare
344 920 468 1005 poterit,
487 928 623 1004 quantae
642 919 683 984 sit
700 919 872 1005 sapientiae
889 941 999 986 eorum
1019 923 1093 986 rsti-

62 1038 136 1080 nere
144 1037 239 1083 usum
251 1013 574 1097 benevolentiamque,
587 1013 668 1078 inter
676 1035 756 1097 quos
769 1013 1093 1080 maximarumrerum

62 1131 127 1187 non
144 1109 247 1174 solum
269 1108 451 1186 aemulatio,
475 1107 531 1172 sed
553 1106 737 1171 obtrectatio
759 1115 846 1172 tanta
867 1107 1090 1188 intercedebat,

63 1211 212 1286 quautam
229 1201 290 1266 luit
306 1202 444 1266 incidere
460 1222 590 1266 necesse
607 1198 868 1266 interCaesarem
886 1201 1092 1286 atqueAnto-

62 1296 160 1374 uium,
178 1318 252 1360 cum
270 1317 304 1359 se
322 1303 454 1380 uterque
470 1294 643 1380 principem
661 1294 843 1360 nouaclum
855 1295 943 1360 urbis
957 1296 1088 1375 Romae,

17 1423 18 1432 κ
64 1391 122 1455 sed
140 1389 225 1454 orbis
243 1398 396 1454 terrarum
414 1411 485 1454 esse
503 1398 640 1474 cuperet.

113 1481 215 1548 XXI.
251 1482 324 1548 Tali
349 1484 443 1548 modo
466 1505 539 1548 cum
565 1492 687 1569 septem
708 1491 741 1548 et
766 1483 969 1570 septuaginta
990 1505 1123 1551 anuos1

61 1577 251 1661 complesset
269 1585 362 1660 atque
381 1577 422 1640 ad
439 1586 612 1642 extremam
630 1585 824 1642 senectutem
841 1599 905 1641 non
922 1577 1026 1642 minus
1045 1577 1092 1642 di-

60 1669 181 1755 gnitate
198 1691 293 1753 quam
311 1671 412 1756 gratia
425 1670 612 1755 fortunaque
627 1671 778 1736 crevisset
791 1668 920 1750 (multas
935 1671 1019 1736 enim
1035 1671 1091 1736 hc·

57 1763 208 1828 reditates
225 1763 311 1828 nulla
329 1764 441 1861 aliare
458 1787 555 1848 quam
572 1763 711 1830 bonitate
734 1772 922 1829 consecutus
941 1764 1004 1850 est)
1021 1773 1091 1829 tan-

17 1887 24 1921 2
59 1867 155 1940 taque
171 1858 377 1944 prosperitate
393 1881 471 1923 usus
485 1867 570 1924 esset
582 1858 781 1935 valetudinis,
799 1866 836 1921 ut
853 1858 943 1922 annis
962 1858 1090 1944 triginta
1107 1879 1125 1926 a

17 1958 26 2015 ἱ
59 1951 216 2016 medicina
232 1975 297 2017 non
313 1952 510 2038 indiguisset,
527 1961 639 2017 nactus
654 1961 703 2017 est
714 1950 869 2028 morbum,
889 1973 984 2035 quem
1001 1951 1090 2016 initio

17 2071 21 2107 ε
59 2056 90 2110 et
106 2047 176 2130 ipse
190 2055 221 2110 et
234 2047 348 2110 medici
362 2054 626 2128 contempserunt.
651 2067 727 2108 nam
739 2053 889 2127 putarunt
903 2066 973 2108 esse
986 2054 1090 2110 tenes-

18 2165 20 2174 *
58 2163 145 2216 mon,
165 2139 217 2202 cui
233 2139 374 2201 remedia
386 2138 500 2201 celeria
516 2137 685 2218 faciliaque
698 2135 965 2220 proponebantur.
982 2138 1017 2200 in
1028 2137 1090 2214 hoo
1107 2161 1124 2207 a

18 2261 20 2268 ’
58 2255 134 2296 cum
156 2241 221 2294 tres
243 2251 369 2293 menses
392 2230 460 2292 sine
481 2229 554 2292 ullis
572 2227 746 2306 doloribus,
769 2237 989 2314 praeterquam
1010 2251 1089 2313 quos

17 2573 19 2622 l

58 2348 104 2389 ex
131 2323 292 2386 curatione
319 2322 474 2408 capiebat,
503 2323 764 2408 consumpsisset,
798 2321 902 2386 subito
928 2330 1015 2388 tanta
1040 2325 1089 2389 vis

56 2414 166 2479 morbi
186 2415 220 2478 in
240 2437 338 2478 unum
359 2416 541 2481 intestinum
558 2416 713 2500 prorupit,
737 2426 772 2480 ut
790 2425 929 2481 extremo
948 2427 1088 2504 tempore

17 2561 19 2570 .
54 2530 117 2593 per
132 2507 258 2572 lumbos
276 2507 399 2573 fistulae
415 2509 503 2594 puris
522 2509 688 2594 eruperint.
715 2517 809 2593 atque
826 2509 887 2574 hoc
903 2511 1088 2596 priusquam
1105 2534 1123 2581 a

17 2625 19 2682 5
57 2602 87 2666 ei
101 2601 267 2679 accideret,
284 2612 454 2686 postquam
467 2603 501 2666 in
514 2603 581 2667 dies
591 2602 714 2668 dolores
728 2625 906 2667 accrescere
920 2603 1089 2686 febresque

57 2695 232 2760 accessisse
251 2697 358 2774 sensit,
377 2695 556 2782 Agrippam
574 2718 725 2782 generum
748 2697 789 2762 ad
808 2719 842 2761 se
860 2695 979 2760 accersi
996 2697 1089 2762 iussit

58 2799 87 2854 et
106 2811 180 2854 cum
198 2812 235 2882 eo
253 2791 295 2855 L.
311 2789 494 2855 Cornelium
511 2791 649 2855 Balbum
665 2789 861 2874 Sextumque
873 2789 1086 2857 Peducaeum.

58 2883 116 2947 hos
133 2893 170 2946 ut
186 2884 312 2960 uenisse
330 2885 418 2962 vidit,
436 2885 470 2948 in
488 2885 629 2948 cubitum
646 2885 787 2962 innixus,
808 2884 1021 2967 „Quantam,“
1039 2887 1087 2950 in·
1105 2908 1122 2955 5

59 2977 133 3059 quit,
155 2999 284 3056 „curam
298 2978 554 3063 diligentiamque
567 2979 601 3042 in
614 2979 793 3043 valetudine
810 3002 882 3044 mea
895 2980 1013 3044 tuenda
1025 2978 1087 3043 hoc

60 3083 198 3157 tempore
212 3073 418 3152 adhibuerim,
437 3096 510 3138 cum
522 3096 580 3148 vos
594 3083 690 3139 testes
704 3073 848 3150 habeam,
867 3073 945 3135 nihil
957 3092 1087 3136 necesse

60 3175 105 3228 est
130 3166 274 3250 pluribus
301 3159 406 3248 verbis
433 3190 686 3232 commemorare.
723 3167 838 3251 quibus
865 3165 1024 3248 quoniam,
1050 3174 1087 3227 ut

59 3282 165 3344 spero,
189 3262 341 3340 satisfeci,
365 3285 416 3326 me
434 3263 512 3326 nihil
528 3262 641 3347 reliqui
657 3262 787 3339 fecisse,
811 3261 897 3344 quod
914 3259 955 3323 ad
973 3280 1088 3322 sanan-

58 3354 137 3416 dum
154 3377 203 3419 me
219 3357 401 3440 pertineret,
423 3356 580 3440 reliquum
598 3365 659 3433 est,
683 3365 718 3421 ut
736 3364 862 3441 egomet
879 3353 956 3417 mihi
974 3373 1087 3416 consu-

57 3447 130 3511 lam.
160 3448 193 3512 id
210 3473 266 3515 vos
284 3451 428 3536 ignorare
445 3451 542 3514 uolui.
569 3473 643 3514 nam
665 3449 743 3518 mihi
761 3458 823 3514 stat
840 3447 923 3511 alere
941 3445 1086 3514 morbum
1104 3466 1120 3514 c

59 3541 209 3607 desinere.
245 3567 381 3628 namque
407 3545 456 3608 his
483 3544 595 3608 diebus
618 3543 773 3626 quidquid
796 3539 858 3608 cibi
881 3542 1015 3628 sumpsi,
1042 3541 1086 3606 ita

57 3637 192 3717 produxi
209 3638 316 3715 vitam,
334 3647 370 3701 ut
388 3637 528 3702 auxerim
546 3637 669 3702 dolores
688 3637 755 3701 sine
774 3659 831 3722 spe
850 3636 969 3700 salutis.
988 3655 1085 3716 quare

58 3730 180 3796 avobis
195 3741 268 3816 peto
281 3733 427 3818 primum,
446 3742 481 3797 ut
494 3733 657 3798 consilium
672 3731 811 3816 probetis
825 3753 941 3806 meum,
961 3725 1084 3802 deinde,

57 3843 94 3886 ne
111 3824 231 3890 frustra
248 3827 441 3892 dehortando
458 3827 610 3912 impedire
628 3823 815 3890 conemini.“

105 3916 225 3984 XXII.
253 3920 326 3984 Hac
349 3921 488 3986 oratione
505 3921 613 3992 habita
630 3927 718 3982 tanta
739 3914 915 3980 constantia
931 3911 1019 3977 vocis
1038 3919 1084 3976 at»
1103 3933 1117 3980 1

57 4029 118 4091 que
136 4013 253 4092 vultus,
271 4025 307 4078 ut
323 4037 387 4080 non
404 4037 445 4079 ex
461 4016 535 4094 vita,
555 4014 612 4080 sed
630 4035 670 4077 ex
688 4011 781 4075 domo
798 4009 833 4073 in
850 4008 979 4073 domum
996 4007 1086 4073 vide·
