2732 4722
337 297 343 314 ¹
445 271 687 328 ALCIBIADES.
1035 263 1080 328 23

47 403 117 459 erat
135 392 219 456 enim
237 387 357 466 eodem,
376 408 440 478 quo
457 385 653 462 Alcibiades,
672 405 777 463 sensu,
795 388 903 470 populi
918 390 1077 474 potentiae
1159 365 1163 372 Ι

47 509 110 551 non
129 485 250 550 amicus
273 492 304 546 et
322 480 516 566 optimatium
535 478 649 543 fautor.
681 477 722 543 ab
741 478 802 542 hoc
824 481 990 546 destitutus
1012 484 1111 568 pri-4

46 601 134 644 mum
151 599 209 662 per
219 575 465 660 Thrasybulum,
483 573 567 656 Lyci
584 572 694 649 filium,
714 571 754 636 ab
774 573 911 637 exercitu
928 576 1076 660 recipitur
1117 610 1119 616 ·

46 681 232 758 praetorque
250 670 285 733 fit
303 669 387 754 apud
407 665 539 733 Samum
545 691 554 744 3
576 675 650 751 post
668 665 863 752 suffragante
881 667 1076 734 Theramene

45 765 156 851 populi
173 764 251 829 scito
269 762 441 827 restituitur
461 760 593 846 parique
611 759 726 824 absens
745 760 876 844 imperio
898 762 1077 845 praeficitur

47 857 143 924 simul
164 879 235 922 cum
253 854 454 940 Thrasybulo
477 863 509 917 et
526 853 732 918 Theramene.
765 853 878 918 horum
894 855 929 918 in
945 855 1076 940 imperio
1095 875 1110 923 5

46 961 134 1016 tanta
155 949 355 1016 commutatio
376 971 482 1014 rerum
504 945 590 1011 facta
607 956 669 1025 est,
692 956 728 1009 ut
745 946 1002 1026 Lacedaemonii,
1022 949 1077 1032 qui

45 1045 142 1128 paulo
163 1053 235 1108 ante
256 1044 392 1108 victores
414 1041 593 1127 viguerant,
615 1040 770 1123 perterriti
790 1063 902 1125 pacem
922 1050 1074 1126 peterent.

47 1139 123 1202 victi
140 1138 222 1202 enim
241 1145 328 1201 erant
342 1136 480 1218 quinque
493 1133 620 1217 proeliis
634 1133 842 1210 terrestribus,
861 1135 960 1199 tribus
978 1159 1076 1200 nava-

46 1229 141 1306 libus,
159 1229 325 1312 inquibus
343 1229 495 1292 ducentas
513 1247 612 1290 naves
635 1225 776 1289 triremes
794 1227 971 1306 amiserant,
990 1250 1073 1312 quae

45 1333 157 1408 captae
173 1323 208 1386 in
224 1323 363 1388 hostium
380 1329 532 1386 venerant
552 1327 751 1402 potestatem.
778 1317 960 1384 Alcibiades
979 1321 1073 1384 simul
1092 1342 1107 1387 o

44 1439 120 1480 cnm
146 1416 276 1501 collegis
298 1419 469 1498 'receperat
493 1411 635 1488 Ioniam,
662 1409 927 1494 Hellespontum,
960 1412 1074 1476 multas

42 1519 207 1593 praeterea
232 1508 327 1574 urbes
352 1505 507 1582 Graecas,
533 1525 615 1587 quae
640 1504 673 1566 in
698 1525 753 1567 ora
775 1503 853 1567 sitae
875 1513 949 1568 sunt
965 1502 1074 1583 Asiae,

42 1623 181 1685 quarum
195 1609 413 1688 expugnarant
430 1597 616 1683 complures,
634 1597 667 1660 in
684 1596 734 1660 his
747 1595 939 1681 Byzantium
944 1622 953 1675 ;
971 1619 1074 1680 neque

40 1696 151 1759 minus
168 1695 283 1758 multas
301 1693 432 1760 consilio
448 1693 489 1757 ad
505 1690 676 1756 amicitiam
694 1690 916 1768 adiunxerant,
937 1692 1023 1774 quod
1039 1692 1074 1756 in
1175 1685 1178 1690 ’

3 1789 5 1820 ⁵
41 1795 157 1871 captos
180 1787 344 1852 clementia
364 1787 488 1852 fuerant
509 1785 568 1849 usi.
601 1785 646 1848 ita
661 1784 781 1868 praeda
798 1785 912 1863 onusti,
935 1785 1106 1871 locuple-r

40 1889 110 1944 tato
128 1881 274 1958 exercitu,
292 1881 438 1946 maximis
455 1878 550 1944 rebus
568 1879 667 1964 gestis
685 1877 830 1942 Athenas
849 1889 1010 1944 venerunt.

94 1971 154 2038 VI.
180 1972 243 2039 His
266 1996 339 2038 cum
356 1973 483 2039 obviam
500 1971 649 2036 universa
671 1971 782 2037 civitas
800 1971 834 2036 in
851 1971 999 2038 Piraeum
1018 1974 1072 2038 de-
1091 1996 1104 2042 1

40 2067 227 2145 scendisset,
245 2077 333 2132 tanta
349 2067 411 2132 suit
428 2065 570 2132 omnium
588 2066 781 2149 exspectatio
798 2066 920 2130 ¹visendi
929 2065 1072 2132 Alcibia—

37 2161 102 2238 dis,
120 2169 157 2225 ut
174 2161 223 2225 ad·
236 2161 303 2225 eius
325 2161 485 2226 triremem
501 2159 618 2244 vulgus
637 2158 821 2234 conflueret,
839 2159 971 2242 proinde
988 2183 1026 2224 ac
1044 2162 1072 2224 si

38 2254 130 2319 solus
149 2253 338 2318 advenisset.
366 2253 412 2317 sic
429 2253 513 2316 enim
530 2251 648 2335 populo
666 2260 732 2316 erat
748 2271 949 2336 persuasum,
969 2262 1000 2316 et
1017 2255 1072 2318 ad·
1090 2277 1104 2322 2

1 2394 2 2419 2
36 2368 154 2411 versas
173 2345 349 2431 superiores
363 2354 395 2409 et
407 2353 589 2430 praesentes
604 2345 758 2409 secundas
772 2367 822 2409 res
837 2345 988 2410 accidisse
1002 2347 1070 2411 eius

1 2436 2 2442 '
36 2461 148 2525 opera.
183 2440 290 2522 itaque
312 2449 343 2503 et
366 2435 493 2504 Siciliae
516 2439 670 2503 amissum
697 2448 728 2501 et
744 2439 1070 2505 Lacedaemoniorum

35 2531 187 2597 victorias
206 2532 316 2617 culpae
335 2554 411 2598 suae
428 2531 616 2608 tribuebant,
635 2531 721 2614 quod
738 2532 832 2596 talem
846 2533 949 2598 virum
962 2556 980 2600 e
994 2534 1070 2598 civi-

37 2635 103 2691 tate
121 2625 326 2710 expulissent.
357 2647 460 2710 neque
481 2625 515 2689 id
533 2625 600 2688 sine
623 2645 737 2689 caussa
754 2625 898 2690 arbitrari
918 2625 1070 2689 videban-

38 2730 99 2784 tur.
134 2741 209 2784 nam
234 2728 402 2803 postquam
429 2718 579 2784 exercitui
604 2739 752 2802 praeesse
779 2727 939 2802 coeperat,
965 2739 1069 2801 neque

38 2823 122 2878 terra
142 2835 245 2897 neque
271 2813 351 2878 mari
372 2813 480 2878 hostes
502 2835 603 2898 pares.
618 2834 689 2878 esse
715 2821 890 2897 potuerant.
922 2813 974 2878 hic
997 2822 1033 2877 ut
1050 2833 1101 2880 ea

36 2907 113 2976 navi
130 2927 277 2992 egressus
295 2916 354 2984 est,
373 2927 564 2990 quamquam
574 2905 787 2971 Theramenes
806 2917 838 2972 et
847 2906 1067 2993 Thrasybulus

38 2999 162 3062 eisdem
177 2999 270 3064 rebus
288 2999 488 3084 praefuerant
510 2999 665 3082 simulque
688 3009 837 3065 venerant
857 3001 890 3064 in
907 3000 1066 3077 Piraeum,

39 3099 150 3166 tamen
157 3112 253 3156 unum
261 3115 369 3158 omnes
383 3093 472 3158 illum
480 3093 757 3178 persequebantur,
777 3103 817 3170 et,
836 3094 870 3156 id
878 3094 963 3173 quod
976 3115 1067 3155 nnm-

35 3205 136 3266 quam
155 3193 246 3250 antea
263 3209 322 3251 usu
334 3197 464 3252 venerat
480 3185 543 3251 nisi
553 3184 722 3272 Olympiae
740 3184 922 3259 victoribus
942 3184 1066 3248 coronis

36 3276 141 3342 aureis
161 3279 334 3363 taeniisque
355 3280 452 3366 vulgo
479 3279 663 3345 donabatur.
699 3280 752 3344 ille
777 3277 944 3344 lacrimans
972 3277 1067 3341 talem

36 3369 288 3438 benevolentiam
310 3373 425 3438 civium
455 3395 583 3438 suorum
606 3373 793 3458 accipiebat;
820 3371 978 3438 reminisci
1003 3370 1067 3456 pri-

36 3461 112 3526 stini
130 3466 278 3550 temporis
297 3467 507 3532 acerbitatem.
534 3476 702 3552 postquam
718 3463 779 3552 [in]
795 3476 866 3531 astu
878 3465 972 3544 venit,
992 3487 1066 3561 conf
1083 3487 1101 3533 4

35 3555 120 3620 tione
138 3557 292 3624 advocma
314 3561 360 3638 sic
376 3559 473 3626 verba
490 3560 579 3638 fecit,
602 3570 638 3624 ut
655 3582 747 3626 nemo
770 3570 835 3625 tam
852 3560 939 3626 ferus
960 3561 1065 3637 fuerit,

33 3649 112 3731 quin
129 3651 198 3716 eius
217 3673 327 3718 casum
343 3653 512 3720 lacrimarit
529 3653 755 3738 inimicumque
772 3655 812 3720 iis
831 3677 865 3720 se
884 3653 1064 3726 ostenderit,

33 3762 168 3823 quorum
196 3766 292 3830 opera
316 3748 418 3832 patria
442 3748 555 3832 pulsus
577 3747 695 3825 fuerat,
721 3748 853 3833 proinde
875 3769 913 3811 ac
935 3747 963 3809 si
984 3743 1064 3808 alius

31 3837 180 3920 populus,
198 3863 264 3906 non
276 3841 330 3906 ille
346 3843 425 3928 ipse,
440 3843 576 3926 quitum
594 3842 699 3921 flebat,
719 3865 792 3908 eum
807 3837 963 3922 sacrilegii
976 3837 1065 3900 dam-

31 3939 152 3995 nasset.
178 3935 324 4000 restituta
345 3957 421 4022 ergo
442 3935 517 4001 huic
540 3947 614 4002 sunt
634 3936 761 4022 publice
783 3933 880 4010 bona,
906 3931 1064 4018 iidemque
1083 3954 1098 4004 5

29 4021 298 4114 illillumolpidae
314 4030 492 4097 sacerdotes
506 4053 615 4098 rursus
629 4050 788 4097 resacrare
799 4035 872 4093 sunt
885 4026 995 4108 coacti,
1010 4028 1065 4115 qui
