2732 4722
306 291 330 356 4
637 295 821 354 CORNELII
838 293 1005 352 NEPOTIS

307 417 376 501 quit
393 436 431 480 ac
452 435 561 478 rursus
579 410 723 475 Athenas
746 409 941 494 demigravit.
978 407 1067 472 cuius
1089 408 1169 473 ratio
1192 411 1253 474 etsi
1276 435 1342 478 non

225 533 232 541 “
307 509 415 585 valuit,
434 517 539 572 tamen
560 525 751 590 magnopere
770 513 817 567 est
835 501 1006 578 laudanda,
1031 523 1103 565 cum
1121 503 1253 568 amicior
1272 528 1343 569 om-

307 603 396 666 nium
413 599 548 666 libertati
565 621 660 683 quam
679 619 755 661 suae
772 596 868 660 fuerit
886 595 1099 659 dominationi.

276 720 290 767 1
358 694 418 760 IV.
444 691 564 759 Darius
582 701 698 768 autem,
717 713 789 754 cum
807 711 847 753 ex
863 689 995 772 Europa
1011 689 1045 752 in
1059 687 1174 754 Asiam
1191 691 1338 772 redisset,

223 855 225 862 ,
307 788 503 855 hortantibus
526 786 649 864 amicis,
668 794 704 848 ut
722 782 889 848 Graeciam
911 783 1068 868 redigeret
1084 784 1119 846 in
1137 807 1229 848 suam
1247 797 1338 871 pote-

309 892 435 960 statem,
459 881 594 946 classem
615 879 856 963 quingentarum
877 876 1007 940 navium
1029 879 1222 962 comparavit
1243 881 1338 965 eique

307 978 418 1042 Datim
430 973 582 1063 praefecit
598 985 630 1036 et
642 971 883 1057 Artaphernem
901 970 1014 1056 hisque
1033 971 1167 1037 ducenta
1183 974 1335 1058 peditum,

309 1071 419 1136 decem
440 1067 527 1132 milia
549 1065 689 1149 equiturn
711 1060 809 1142 dedit,
834 1057 980 1128 caussam
996 1065 1199 1143 interserens,
1224 1089 1260 1132 se
1283 1069 1337 1133 ho-

311 1174 391 1229 stem
409 1183 479 1227 esse
497 1159 759 1235 Atheniensibus,
782 1157 868 1241 quod
889 1179 997 1220 eorum
1016 1159 1132 1223 auxilio
1150 1159 1245 1224 Iones
1262 1159 1337 1226 Sar-

277 1258 360 1321 2dis
392 1262 625 1341 expugnassent
660 1273 778 1335 suaque
809 1251 966 1335 praesidia
1001 1252 1240 1318 interfecissent.
1290 1257 1337 1319 illi

309 1350 459 1436 praefecti
480 1348 560 1434 regii
582 1348 683 1412 classe
701 1346 742 1410 ad
758 1343 924 1409 Euboeam
947 1347 1081 1430 appulsa
1099 1347 1240 1412 celeriter
1255 1349 1337 1413 Ere-

308 1445 400 1508 triam
426 1450 576 1527 ceperunt
602 1461 773 1522 omnesque
799 1439 867 1502 eius
893 1440 996 1524 gentis
1022 1441 1107 1504 cives
1135 1435 1283 1526 abreptos
1304 1445 1338 1506 in

308 1538 423 1601 Asiam
441 1536 482 1600 ad
498 1555 607 1619 regem
627 1533 788 1596 miserunt.
823 1532 896 1595 inde
918 1533 959 1595 ad
976 1530 1115 1596 Atticam
1138 1547 1338 1600 accesserunt

310 1653 348 1694 ac
366 1652 439 1694 suas
458 1628 564 1712 copias
582 1627 616 1689 in
633 1647 778 1710 campum
793 1624 983 1690 Marathona
1001 1627 1207 1692 deduxerunt.
1242 1629 1273 1693 is
1292 1639 1339 1694 est

277 1723 351 1791 aab
377 1722 493 1807 oppido
520 1707 647 1785 circiter‘
667 1719 753 1783 milia
782 1741 936 1804 passuum
962 1720 1080 1784 decem.
1115 1721 1176 1786 hoc
1201 1724 1340 1786 tumultu

309 1816 522 1881 Athenienses
541 1823 606 1878 tam
622 1813 798 1898 propinquo
815 1823 942 1897 tamque
960 1837 1077 1900 magno
1094 1816 1226 1899 permoti
1247 1818 1340 1880 auxi-

310 1911 388 1974 lium
412 1931 570 1992 nusquam
594 1908 657 1971 nisi
677 1931 698 1971 a
718 1908 980 1972 Lacedaemoniis
1006 1909 1184 1993 petiverunt
1203 1909 1341 1995 Phidip-

310 2024 449 2088 pumque
467 2009 625 2066 cursorem
643 2001 710 2065 eius
728 2002 863 2086 generis,
882 2001 937 2084 qui
953 2001 1208 2068 hemerodromoe
1220 2025 1343 2067 vocan-

311 2105 375 2174 tur,
397 2096 673 2160 Lacedaemonem
694 2095 859 2170 miserunt,
885 2103 921 2157 ut
937 2095 1105 2172 nuntiaret,
1128 2117 1221 2176 quam
1239 2096 1344 2159 celeri

276 2207 294 2254 4
312 2211 391 2274 opus
410 2197 494 2254 esset
510 2188 636 2253 auxilio.
672 2188 758 2252 domi
780 2196 886 2252 autem
907 2197 1013 2252 creant
1034 2189 1137 2251 decern
1160 2194 1344 2270 praetores,

310 2284 365 2366 qui
390 2283 540 2348 exercitui
564 2290 760 2366 praeessent,
787 2281 821 2344 in
847 2281 892 2345 eis
919 2280 1105 2346 Miltiadem.
1147 2279 1226 2342 inter
1252 2299 1342 2361 quos

309 2397 427 2459 magna
447 2374 508 2437 fuit
530 2374 701 2449 contentio,
729 2383 835 2437 utrum
856 2374 1020 2454 moenibus
1045 2371 1110 2459 [se]
1135 2371 1342 2436 defenderent

279 2486 295 2533 5
314 2491 356 2530 an
372 2467 499 2531 obviam
516 2466 598 2530 irent
609 2465 754 2531 hostibus
772 2467 900 2550 acieque
919 2468 1128 2531 decernerent.
1164 2487 1246 2534 unus
1261 2464 1340 2528 Mil-

231 2559 239 2584 *
311 2561 410 2626 tiades
428 2561 564 2624 maxime
581 2559 746 2636 nitebatur,
764 2569 799 2624 ut
815 2562 917 2646 primo
935 2581 1058 2645 quoque
1076 2569 1218 2644 tempore
1235 2569 1340 2623 castra

310 2653 433 2720 fierent:
450 2654 484 2717 id
498 2654 525 2717 si
542 2653 662 2717 factum
675 2663 767 2732 esset,
788 2663 818 2719 et
831 2655 953 2720 civibus
968 2655 1108 2718 animum
1125 2675 1339 2729 accessurum,

311 2771 384 2812 curn
400 2748 555 2824 viderent,
575 2748 615 2811 de
633 2769 741 2812 eorum
763 2749 876 2813 virtute
894 2770 958 2812 non
975 2748 1148 2832 desperari,
1177 2758 1209 2812 et
1229 2747 1340 2810 hostes

311 2841 422 2904 cadem
434 2863 468 2904 re
485 2840 553 2905 fore
567 2841 728 2918 tardiores,
748 2842 775 2906 si
789 2842 1079 2918 animadverterent,
1099 2841 1214 2906 audere
1227 2841 1341 2904 adver-

312 2954 367 2996 sus
385 2941 502 2996 setam
520 2933 642 3020 exiguis
660 2935 758 3020 copiis
777 2935 934 2999 dimicare.

278 3041 293 3089 1
361 3023 403 3090 V.
429 3023 503 3090 Hoc
520 3026 553 3089 in
570 3035 709 3112 tempore
726 3028 813 3092 nulla
830 3028 940 3092 civitas
953 3026 1202 3093 Atheniensibus
1220 3027 1341 3091 auxilio

311 3117 371 3182 fuit
391 3127 514 3203 praeter
534 3118 748 3186 Plataeenses.
784 3143 822 3186 ea
843 3121 928 3186 mille
949 3122 1036 3186 misit
1057 3121 1199 3185 militum.
1230 3121 1342 3203 itaque

310 3212 423 3275 horum
449 3213 585 3277 adventu
611 3215 721 3279 decem
747 3215 834 3278 milia
859 3224 1048 3280 armatorum
1070 3214 1226 3298 completa
1249 3224 1342 3290 sunt;

278 3321 392 3389 aquae
410 3329 522 3372 manus
544 3308 680 3373 mirabili
701 3307 854 3392 flagrabat
874 3308 1038 3392 pugnandi
1060 3308 1238 3394 cupiditate.
1276 3329 1343 3390 quo

311 3399 431 3464 factum
449 3410 509 3478 est,
532 3403 655 3487 utplus
673 3423 769 3482 quam
787 3400 926 3485 collegae
935 3399 1096 3466 Miltiades
1115 3401 1240 3466 valeret.
1271 3401 1344 3464 eius

312 3514 387 3576 ergo
406 3495 587 3560 auctoritate
603 3493 732 3578 impulsi
748 3492 960 3560 Athenienses
984 3497 1090 3581 copias
1108 3516 1149 3559 ex
1165 3495 1242 3560 urbe
1262 3496 1347 3559 edu-

278 3601 294 3648 e
311 3595 424 3649 xerunt
441 3587 573 3672 locoque
594 3587 708 3650 idoneo
732 3597 834 3652 castra
855 3588 1006 3654 fecerunt.
1043 3589 1116 3653 dein
1137 3599 1262 3675 postero
1287 3589 1347 3653 die

312 3679 371 3744 sub
393 3682 509 3746 montis
530 3678 688 3744 radicibus
711 3681 778 3745 acie
799 3683 927 3769 regione
949 3683 1102 3747 instructa
1123 3705 1187 3747 non
1205 3683 1348 3767 apertis-

312 3772 392 3838 sima
425 3774 579 3858 proelium
613 3773 844 3841 commiserunt.
897 3799 1035 3861 namque
1071 3776 1198 3842 arbores
1229 3776 1347 3841 multis

311 3865 388 3931 locis
411 3875 500 3930 erant
519 3887 621 3942 rarae,
647 3866 708 3934 hoc
726 3871 870 3949 consilio,
897 3881 982 3937 utet
1002 3871 1156 3936 montium
1173 3870 1349 3934 altitudine

311 3967 491 4043 tegerentur
507 3967 539 4021 et
556 3959 702 4026 arborum
720 3973 821 4029 tractu
839 3967 996 4049 equitatus
1014 3965 1153 4031 hostium
1169 3964 1350 4049 impedire-

278 4064 296 4114 4
313 4059 372 4131 tur,
391 4072 431 4115 ne
448 4049 646 4122 multitudine
664 4057 889 4124 clauderentur.
915 4059 1022 4138 Datis,
1042 4059 1102 4125 etsi
1118 4079 1182 4124 non
1200 4077 1351 4141 aequum
