2758 4726
261 343 269 360 ,
297 259 341 323 54
622 260 808 318 CORNELII
824 259 990 318 NEPOTIS

263 406 277 452 1
347 380 391 446 Π.
423 378 470 442 Hi
492 397 601 442 omnes
627 374 693 440 fere
715 373 859 440 Athenas
882 396 917 439 se
938 373 1145 451 contulerant,
1172 396 1236 439 nou
1257 397 1317 459 quo

297 481 499 558 sequerentur
521 471 633 546 otium,
661 469 732 545 sed,
759 477 795 531 ut
811 489 967 551 quemque
989 489 1029 531 ex
1050 468 1193 552 proximo
1213 468 1317 534 locum

262 568 362 638 alors
384 565 561 640 obtulisset,
584 584 622 626 eo
644 561 776 645 patriam
797 581 982 644 recuperare
1002 560 1181 624 niterentur.
1213 559 1316 644 itaque

296 683 369 725 cum
386 668 510 743 tempus
520 665 567 722 est
580 656 684 719 visum
702 654 747 716 rei
763 653 929 738 gerendae,
948 653 1153 718 communiter
1167 675 1240 718 cum
1257 655 1317 734 his,

296 753 350 837 qui
368 751 487 816 Thebis
505 749 589 812 idem
612 745 796 823 sentiebant,
815 746 899 810 diem
917 746 1100 832 delegerunt
1117 747 1158 811 ad
1174 747 1317 813 inimicos

296 844 515 930 opprimendos
538 841 757 922 civitatemque
778 837 972 904 liberandam
994 861 1080 917 eum,
1104 861 1166 923 quo
1187 841 1317 906 maximi

262 962 277 1009 s
295 939 496 1024 magistratus
520 933 613 998 simul
636 940 821 996 consuerant
840 931 967 1016 epulari.
998 954 1132 1018 magnae
1151 953 1244 1018 saepe
1267 957 1317 1000 res

294 1054 357 1095 non
375 1031 419 1093 ita
436 1027 558 1112 magnis
577 1025 675 1110 copiis
694 1032 766 1090 sunt
779 1033 887 1110 gestae
893 1049 903 1102 3
922 1025 978 1089 sed
990 1026 1132 1112 prolecto
1145 1047 1317 1110 numquam

294 1134 360 1188 tam
377 1122 417 1186 ab
435 1120 521 1185 tenui
533 1119 622 1182 initio
636 1127 740 1183 tantae
754 1140 830 1202 opes
844 1118 1125 1204 sunt-profligatae.
1152 1141 1226 1184 nam
1239 1121 1317 1185 duo-

295 1216 396 1279 decim
415 1213 639 1278 adolescentuli
657 1193 804 1276 coierunt¹
814 1233 854 1274 ex
871 1211 929 1288 his,
949 1211 1003 1294 qui
1021 1211 1113 1276 exilio
1131 1222 1220 1276 erant
1236 1214 1317 1276 mul-

294 1309 363 1385 tati,
388 1330 461 1372 cum
483 1307 610 1372 omnino
631 1329 695 1370 non
717 1313 822 1368 essent
844 1303 978 1389 amplius
996 1314 1135 1382 centum,
1159 1306 1214 1388 qui
1231 1316 1312 1370 tanto

295 1425 329 1466 se
338 1401 486 1467 offerrent
501 1400 649 1485 periculo.
677 1420 740 1480 qua
755 1397 913 1480 paucitate
929 1419 1080 1483 pereussa
1097 1398 1317 1464 cstLacedae-

261 1496 471 1564 tmoniorum
496 1492 644 1576 potentia.
684 1489 717 1552 hi
743 1490 827 1554 enim
852 1513 916 1554 non
941 1491 1042 1576 magis
1069 1490 1318 1556 adversariorum

293 1587 420 1652 factioni
438 1581 533 1668 quam
544 1582 707 1675 Spartanis
721 1604 759 1646 eo
777 1591 916 1668 tempore
934 1582 1051 1648 bellum
1068 1583 1247 1662 intulerunt,
1263 1585 1319 1668 qui

292 1679 448 1764 principes
466 1686 554 1741 erant
571 1675 665 1738 totius
682 1673 849 1752 Graeciae3
867 1697 1000 1760 quorum
1018 1676 1139 1760 imperii
1157 1677 1318 1754 maiestas,

294 1792 396 1854 neque
413 1771 457 1834 ita
474 1769 572 1832 multo
590 1777 670 1852 post,
691 1769 860 1832 Leuctrica
876 1790 984 1854 pugna
1001 1767 1041 1832 ab
1063 1769 1123 1832 hoc
1140 1768 1228 1833 initio
1245 1792 1320 1854 per-

259 1888 275 1935 5
294 1864 380 1928 culsa
398 1863 540 1926 concidit.
567 1860 612 1922 illi
628 1860 724 1944 igitur
741 1859 914 1934 duodecim,
934 1877 1068 1942 quorum
1085 1859 1150 1922 dux
1167 1870 1235 1923 erat
1253 1861 1321 1926 Pe-

291 1955 426 2039 lepidas,
450 1976 523 2018 oum
540 1950 675 2016 Athenis
697 1952 832 2016 interdiu
850 1951 1001 2027 exissent,
1020 1960 1056 2014 ut
1073 1962 1317 2034 vesperascente

292 2047 378 2112 caelo
396 2045 523 2111 Thebas
550 2053 679 2130 possent
704 2044 879 2128 pervenire,
908 2064 980 2108 eum
1006 2041 1135 2108 canibus
1161 2042 1318 2108 venaticis

230 2157 233 2162 '
292 2142 442 2216 exierunt,
460 2140 538 2203 retia
555 2138 699 2212 ferentes,
718 2137 833 2200 vestitu
851 2137 976 2222 agresti,
994 2157 1057 2218 quo
1074 2135 1193 2197 minore
1211 2137 1319 2220 suspi-

292 2235 381 2299 cione
394 2233 534 2298 facerent
541 2232 608 2295 iter.
636 2229 690 2312 qui
704 2251 777 2292 cum
789 2238 928 2312 tempore
941 2228 1025 2312 ipso,
1044 2249 1106 2310 quo
1121 2227 1318 2304 studuerant,

291 2328 516 2412 pervenissent,
536 2317 663 2388 domum
679 2322 833 2388 Charonis
852 2322 1053 2398 devenerunt,
1072 2342 1092 2384 a
1108 2342 1170 2404 quo
1189 2329 1220 2384 et
1236 2329 1319 2384 tem-

290 2435 351 2504 pas
371 2426 401 2480 et
419 2418 485 2480 dies
505 2426 570 2480 erat
588 2417 690 2478 datus.

259 2535 273 2582 1
342 2509 404 2576 HL
431 2509 505 2574 Hoc
526 2508 595 2572 loco
618 2509 695 2571 libet
716 2509 926 2591 interponere,
950 2507 1009 2571 etsi
1028 2507 1204 2570 seiunctum
1222 2505 1262 2571 ab
1281 2529 1315 2570 re

291 2604 451 2690 proposita
469 2611 526 2679 est,
544 2601 641 2664 nimia
658 2599 773 2664 fiducia
785 2609 920 2683 quantae
938 2599 1107 2664 calamitati
1121 2599 1220 2664 soleat
1233 2621 1314 2664 esse.

190 2713 194 2718 '
290 2721 366 2764 nam
382 2697 624 2784 magistratuum
633 2693 857 2758 Thebanorum
874 2693 980 2759 statim
994 2694 1035 2758 ad
1053 2715 1144 2758 aures
1161 2694 1313 2778 pervenit,

292 2792 402 2856 exules
419 2792 452 2854 in
469 2789 580 2854 urbem
598 2788 731 2852 venisse.
762 2787 796 2850 id
812 2787 858 2850 illi
875 2788 948 2851 vino
966 2787 1129 2872 epulisque
1147 2787 1245 2850 dediti
1261 2809 1314 2849 us-

291 2905 353 2966 que
375 2904 413 2946 eo
436 2883 659 2966 despexemnt,
681 2891 777 2944 utne
800 2902 948 2963 quaerere
970 2880 1098 2964 quidem
1115 2879 1154 2942 de
1176 2888 1264 2944 tanta
1279 2901 1310 2942 re

258 2997 274 3044 2
292 2975 471 3041 laborarint.
499 2974 631 3040 accessit
649 2973 751 3050 etiam,
771 2974 856 3056 quod
873 2974 975 3059 magis
989 2973 1122 3058 aperiret
1140 2994 1248 3037 eorum
1261 2973 1312 3036 de·

293 3069 452 3134 mentiam.
480 3067 573 3132 allata
591 3076 639 3132 est
656 3067 740 3131 enim
757 3067 889 3152 cpistola
897 3066 1032 3131 Athenis
1051 3066 1090 3131 ab
1103 3065 1244 3130 Archino
1260 3065 1313 3128 uni

267 3241 269 3248 y
293 3186 333 3228 ex
351 3162 409 3240 his,
428 3161 580 3238 Archiae,
604 3161 659 3244 qui
680 3170 748 3224 tum
769 3161 941 3224 maximum
959 3160 1177 3245 magistratum
1194 3158 1310 3222 Thebis

293 3257 464 3336 obtinebat,
487 3257 601 3337 inqua
622 3255 728 3318 omnia
745 3255 783 3316 dc
801 3254 994 3338 profectione
1016 3275 1125 3319 eorum
1141 3253 1308 3337 perscripta

292 3359 388 3414 erant.
425 3370 505 3431 quae
532 3368 604 3410 cum
625 3346 689 3408 iam
711 3345 874 3408 accubanti
899 3346 934 3407 in
955 3344 1097 3408 convivio
1120 3355 1204 3410 esset
1229 3345 1309 3420 data,

292 3443 375 3505 siout
383 3450 449 3503 erat
459 3440 590 3524 signata,
602 3435 661 3500 sub
669 3437 833 3520 pulvinum
841 3435 1019 3513 subiiciens,
1040 3436 1099 3516 „In
1112 3438 1309 3514 crastinum,“

260 3531 407 3614 ainquit,
427 3531 557 3608 „differo
575 3551 625 3593 res
644 3533 800 3594 severas.“
829 3538 861 3594 at
877 3528 923 3592 illi
940 3551 1059 3608 omnes,
1079 3553 1152 3596 eum
1168 3532 1233 3596 iam
1249 3551 1311 3595 nox

291 3621 506 3708 processisset,
524 3621 674 3685 vinolenti
691 3620 731 3684 ab
750 3621 894 3686 exulibus
912 3621 991 3688 duce
1004 3622 1157 3710 Pelopida
1175 3633 1250 3691 sunt
1266 3625 1311 3688 in-

291 3715 422 3782 terfecti.
449 3714 563 3799 quibus
577 3713 671 3778 rebus
686 3712 836 3779 confectis
853 3715 949 3802 vulgo
963 3717 1004 3782 ad
1017 3740 1105 3782 arma
1120 3717 1310 3782 libertatem-

292 3832 353 3896 que
370 3819 482 3875 vocato
499 3831 562 3874 non
580 3807 682 3872 solum
699 3807 753 3890 qui
774 3807 807 3872 in
824 3808 900 3874 urbe
919 3820 1014 3887 erant,
1039 3811 1203 3876 sedetiam
1220 3810 1309 3874 undi-

291 3926 353 3987 que
370 3927 411 3970 ex
428 3904 512 3990 agris
530 3909 760 3979 concurrerunt,
777 3903 969 3988 praesidium
985 3905 1308 3970 Lacedaemoniorum

290 4017 331 4062 ex
348 4019 418 4062 arce
435 3996 629 4082 pepulerunt,
647 3994 779 4081 patriam
792 3995 953 4064 obsidione
970 3996 1147 4079 liberarunt,
1166 4007 1306 4066 auctores
