2758 4726
345 258 379 312 T.
387 253 611 314 'POMPONIUS
621 254 803 315 ΑΤῚῚΟΠΞῙ.1
1045 245 1086 310 91

49 375 170 440 modis.
194 372 421 458 quodquidam
434 371 494 436 sub
507 371 578 456 ipsa
589 371 815 456 proscriptione
827 373 1003 456 perillustre
1016 372 1085 440 fnit.
1106 395 1121 442 s

49 489 131 533 nam
153 487 227 530 oum
243 467 285 530 L.
306 463 442 542 Saufeii,
470 465 583 548 equitis
601 465 751 542 Romani,
779 467 918 548 aequalis
941 469 1004 546 sui,
1031 469 1088 552 qui

50 560 236 646 complures
268 581 367 624 annos
399 557 503 624 studio
534 559 647 624 ductus
678 559 897 645 philosophiae
925 560 1087 628 habitabat

27 687 28 694 ¹
51 654 193 722 Athenis
207 651 407 737 habebatque
420 652 555 718 inItalia
566 652 721 738 pretiosas
735 654 965 739 possessiones,
980 654 1088 718 trium-

51 749 115 814 viri
131 748 217 814 bona
228 747 446 812 vendidissent
463 747 690 813 consuetudine
707 769 754 826 aa,
773 770 836 832 qua
854 757 922 812 tum
934 769 984 814 res
999 770 1089 834 gere-

52 844 180 921 bantur,
197 840 295 906 Attici
312 840 419 906 labore
437 841 703 926 atque'industria
715 842 835 906 factum
853 852 910 920 est,
929 851 965 906 ut
979 843 1090 907 eodem

52 938 166 1002 nuntio
186 934 335 1002 Saufeius
353 935 443 1001 fieret
460 936 581 1014 certior,
601 958 635 1002 se
652 936 875 1022 patrimonium
893 937 1038 1002 amisisse
1057 945 1088 1000 et

53 1053 270 1118 recuperasse.
296 1031 382 1096 idem
390 1031 432 1096 L.
442 1030 560 1096 Iulium
570 1030 727 1110 Calidum,
747 1054 842 1116 quem
858 1041 932 1118 post
944 1033 1088 1098 Lucretii
1106 1055 1123 1102 4

56 1126 239 1210 Catullique
256 1134 390 1190 mortem
402 1125 501 1190 multo
515 1125 785 1213 elegantissimum
802 1131 928 1212 poetam
947 1135 1088 1192 nostram

54 1221 168 1285 tulisse
181 1228 316 1284 aetatem
333 1239 406 1284 vere
419 1219 529 1283 videor
544 1231 639 1304 posse
650 1220 846 1298 contendere,
864 1243 967 1304 neque
980 1221 1086 1285 minus

56 1315 161 1378 virum
174 1314 293 1378 bonum
306 1313 495 1400 optimisque
508 1313 628 1378 artibus
642 1314 808 1391 eruditum,
827 1335 921 1397 quem
929 1323 1002 1398 post
1015 1336 1089 1398 pro·

57 1408 260 1493 scriptionem
278 1407 419 1491 equitum
440 1416 568 1493 propter
584 1427 717 1495 magnas
740 1408 807 1472 eius
826 1406 996 1472 Africanas
1013 1429 1089 1493 pos-

56 1503 217 1568 sessiones
235 1503 268 1566 in
284 1502 530 1587 proscriptorum
546 1522 712 1567 numerum
726 1501 792 1568 aP.
803 1501 984 1579 Volumnio,
998 1523 1090 1588 prae-
1153 1498 1158 1514 ¹

55 1595 144 1661 fecto
162 1595 287 1660 fabrum
304 1595 453 1673 Antonii,
471 1595 634 1661 absentem
651 1596 785 1661 relatum
807 1596 975 1681 expedivit.
1003 1594 1089 1679 quod
1107 1618 1122 1666 5

28 1737 29 1740 η
54 1691 92 1752 in
109 1691 266 1774 praesenti
283 1698 389 1754 utrum
406 1689 436 1754 ei
452 1688 639 1757 laboriosius
657 1711 698 1754 an
715 1690 882 1777 gloriosius
901 1689 1008 1767 suerit,
1028 1689 1090 1754 dif-

27 1783 141 1847 rrficile
167 1783 227 1847 luit
252 1783 399 1861 iudicare,
426 1785 512 1867 quod
537 1785 570 1849 in
597 1807 705 1850 eorum
730 1785 878 1871 periculis
905 1807 969 1849 non
996 1805 1088 1848 secus

30 1892 36 1950 ,1
56 1876 207 1942 absentes
232 1900 329 1962 quam
349 1888 531 1964 praesentes
554 1881 672 1947 amicos
695 1877 803 1946 Attico
827 1901 897 1946 esse
919 1901 1013 1944 curae
1036 1900 1089 1944 co-

36 1971 183 2058 lgnitum
201 1981 258 2036 est.

27 2078 40 2116 l
108 2065 209 2130 XIII.
236 2065 348 2148 Neque
365 2087 440 2129 vero
457 2066 510 2128 ille
533 2067 581 2128 vir
598 2067 703 2128 minus
725 2066 826 2128 bonus
843 2076 933 2148 pater
950 2065 1087 2132 familias
1107 2089 1121 2133 1

27 2173 36 2204 f
56 2158 184 2224 habitus
203 2167 253 2225 est
271 2179 367 2238 quam
385 2157 472 2219 civis.
499 2177 574 2218 nam
591 2176 664 2218 cum
677 2165 761 2217 esset
777 2156 977 2238 pecuniosus,
996 2179 1089 2220 nemo

28 2270 33 2304 1
53 2253 111 2318 illo
128 2254 236 2316 minus
253 2249 316 2311 fuit
333 2269 434 2324 emax,
452 2246 558 2310 minus
572 2246 760 2310 aedificator.
787 2265 890 2328 neque
907 2254 1013 2309 tamen
1026 2267 1091 2311 non

27 2365 30 2398 1
52 2346 90 2408 in
108 2343 220 2428 primis
243 2340 325 2404 bene
346 2339 500 2404 habitavit
517 2339 725 2423 omnibusque
744 2339 870 2424 optimis
892 2337 987 2404 rebus
1010 2359 1088 2404 usus
1240 2423 1245 2432 .

27 2452 33 2560 q
53 2445 117 2500 est.
145 2457 220 2500 nam
239 2433 368 2498 domum
385 2433 495 2498 habuit
512 2433 545 2497 in
563 2433 642 2498 colle
657 2432 811 2516 Quirinali
825 2431 1087 2519 Tamphilianam,
1108 2455 1123 2502 a

27 2567 28 2584 ,
54 2529 98 2593 ab
118 2527 276 2592 avunculo
294 2527 465 2592 hereditate
483 2526 637 2606 relictam,
656 2529 747 2594 cuius
765 2529 937 2594 amoenitas
955 2551 1020 2594 non
1037 2552 1090 2596 ae-

55 2621 173 2698 dificio,
193 2621 250 2686 sed
263 2620 344 2686 silva
356 2620 529 2687 constabat.
555 2623 661 2708 ipsum
674 2623 758 2687 enim
771 2632 899 2698 tectum,
918 2623 1089 2704 antiquitus

58 2715 279 2792 constitutum,
306 2715 378 2800 plus
405 2713 480 2780 salis
506 2736 602 2799 quam
629 2725 773 2800 sumptus
794 2715 946 2792 habebat3
972 2715 1006 2778 in
1028 2736 1091 2798 quo
1146 2757 1149 2764 ·

59 2809 137 2874 nihil
155 2809 368 2886 commutavit,
388 2809 449 2872 nisi
467 2809 494 2873 si
512 2809 589 2891 quid
605 2817 761 2873 vetustate
780 2818 907 2874 coactus
926 2817 983 2873 est.
1010 2831 1089 2874 usus
1108 2832 1123 2879 3

59 2914 107 2969 est
124 2903 259 2980 familia,
284 2903 311 2968 si
327 2902 460 2966 utilitate
478 2901 681 2967 iudicandum
699 2911 762 2981 est,
781 2903 913 2989 optima,
932 2904 959 2969 si
977 2902 1089 2982 forma,

61 2999 113 3061 vix
132 2996 291 3062 mediocri.
319 3017 455 3079 namque
468 2996 501 3059 in
515 3017 552 3060 ea
565 3006 653 3061 erant
669 2997 759 3082 pueri
771 2997 997 3074 litteratissimi,
1017 3019 1092 3061 ana

61 3099 193 3176 gnostae
211 3090 321 3176 optimi
339 3099 371 3155 et
391 3090 517 3175 plurimi
535 3089 666 3166 librarii,
684 3099 720 3153 ut
737 3112 777 3154 ne
794 3091 1002 3175 pedissequus
1021 3089 1091 3170 qui-

62 3185 135 3248 dem
156 3184 325 3268 quisquam
349 3193 447 3262 esset,
475 3183 615 3267 quinon
636 3192 804 3266 utrumque
826 3182 937 3246 horum
959 3180 1090 3267 pulchre

62 3275 166 3342 faeere
182 3287 305 3364 posset3
327 3277 508 3363 parimodo
530 3277 663 3344 artifices
683 3277 791 3354 ceteri,
815 3297 894 3361 quos
913 3276 1015 3342 cultus
1034 3275 1091 3340 do-

62 3371 212 3436 mesticus
238 3371 409 3450 desiderat,
437 3374 576 3458 apprime
602 3372 686 3438 boni.
722 3393 824 3456 neque
846 3381 952 3437 tamen
977 3371 1125 3438 horums

62 3485 262 3548 quemquam,
280 3465 342 3530 nisi
355 3467 441 3531 domi
454 3476 563 3532 natum
576 3467 724 3552 domique
737 3467 857 3532 factum
870 3466 989 3544 habuit,
1004 3465 1091 3550 quod

64 3569 110 3623 est
129 3559 255 3644 signum
272 3581 336 3624 non
355 3561 456 3624 solum
474 3553 692 3640 continentiae,
713 3563 882 3627 sedetiam
900 3562 1090 3648 diligentiae.

64 3673 136 3717 nam
154 3661 186 3717 et
203 3675 267 3719 non
287 3655 531 3738 intemperanter
549 3657 783 3740 concupiscere,
807 3657 893 3740 quod
910 3681 930 3720 a
946 3655 1090 3740 plurimis

64 3747 185 3826 videas,
210 3747 398 3813 continentis
416 3745 511 3811 debet
532 3747 614 3824 duci,
634 3758 665 3812 et
686 3750 791 3832 potius
810 3749 973 3833 diligentia
995 3765 1093 3827 quam

64 3842 162 3924 pretio
178 3847 304 3929 parare,
327 3865 391 3909 non
407 3841 572 3906 mediocris
592 3849 641 3904 est
661 3841 843 3904 industriae.
870 3841 1125 3922 elegeramus

65 3937 263 4022 magnificus,
288 3937 483 4024 splendidus,
506 3957 570 4001 non
591 3942 811 4019 sumptuosus,
834 3931 999 4014 omnisque
1022 3929 1092 3993 dili·

66 4031 170 4113 gentia
196 4033 395 4114 munditiam,
422 4053 487 4100 non
513 4029 708 4098 affluentiam
734 4025 912 4094 affectabat.
950 4023 1093 4112 supellex
