<?xml version="1.0" encoding="UTF-8"?>
<!DOCTYPE html PUBLIC "-//W3C//DTD XHTML 1.0 Transitional//EN"
    "http://www.w3.org/TR/xhtml1/DTD/xhtml1-transitional.dtd">
<html xmlns="http://www.w3.org/1999/xhtml" xml:lang="en" lang="en">
 <head>
  <title>
</title>
<meta http-equiv="Content-Type" content="text/html;charset=utf-8" />
  <meta name='ocr-system' content='tesseract 3.04.00' />
  <meta name='ocr-capabilities' content='ocr_page ocr_carea ocr_par ocr_line ocrx_word'/>
</head>
<body>
  <div class='ocr_page' id='page_1' title='image "./corneliinepotis22nepogoog_0109.png"; bbox 0 0 2758 4726; ppageno 0'>
   <div class='ocr_carea' id='block_1_1' title="bbox 303 251 1000 330">
    <p class='ocr_par' dir='ltr' id='par_1_1' title="bbox 303 251 1000 330">
     <span class='ocr_line' id='line_1_1' title="bbox 303 251 1000 330; baseline -0.003 0"><span class='ocrx_word' id='word_1_1' title='bbox 303 265 346 330; x_wconf 83' lang='lat'>86</span> <span class='ocrx_word' id='word_1_2' title='bbox 639 271 825 328; x_wconf 82' lang='lat' dir='ltr'>conunnn</span> <span class='ocrx_word' id='word_1_3' title='bbox 838 251 1000 329; x_wconf 69' lang='lat' dir='ltr'>ancoris</span> 
     </span>
    </p>
   </div>
   <div class='ocr_carea' id='block_1_2' title="bbox 203 385 1345 3373">
    <p class='ocr_par' dir='ltr' id='par_1_2' title="bbox 218 385 1326 557">
     <span class='ocr_line' id='line_1_2' title="bbox 218 385 1326 472; baseline -0.004 -18"><span class='ocrx_word' id='word_1_4' title='bbox 218 391 219 394; x_wconf 71' lang='grc'>’</span> <span class='ocrx_word' id='word_1_5' title='bbox 302 389 441 465; x_wconf 89' lang='lat' dir='ltr'>tulisset,</span> <span class='ocrx_word' id='word_1_6' title='bbox 464 409 546 472; x_wconf 90' lang='lat' dir='ltr'>quae</span> <span class='ocrx_word' id='word_1_7' title='bbox 568 385 768 470; x_wconf 77' lang='lat' dir='ltr'>antiquitate,</span> <span class='ocrx_word' id='word_1_8' title='bbox 791 385 986 452; x_wconf 80' lang='lat' dir='ltr'><strong>humanitate</strong></span> <span class='ocrx_word' id='word_1_9' title='bbox 1012 385 1217 472; x_wconf 82' lang='lat' dir='ltr'>doctrinaque</span> <span class='ocrx_word' id='word_1_10' title='bbox 1245 408 1326 472; x_wconf 84' lang='lat' dir='ltr'>prae</span> 
     </span>
     <span class='ocr_line' id='line_1_3' title="bbox 304 479 974 557; baseline -0.006 -9"><span class='ocrx_word' id='word_1_11' title='bbox 304 491 401 548; x_wconf 90' lang='lat' dir='ltr'>staret</span> <span class='ocrx_word' id='word_1_12' title='bbox 418 501 538 557; x_wconf 89' lang='lat' dir='ltr'>omnes,</span> <span class='ocrx_word' id='word_1_13' title='bbox 556 501 639 544; x_wconf 91' lang='lat' dir='ltr'>unus</span> <span class='ocrx_word' id='word_1_14' title='bbox 658 481 687 544; x_wconf 89' lang='lat' dir='ltr'>ei</span> <span class='ocrx_word' id='word_1_15' title='bbox 705 479 765 542; x_wconf 88' lang='lat' dir='ltr'>fuit</span> <span class='ocrx_word' id='word_1_16' title='bbox 782 479 974 544; x_wconf 85' lang='lat' dir='ltr'>carissimus.</span> 
     </span>
    </p>

    <p class='ocr_par' dir='ltr' id='par_1_3' title="bbox 270 569 1334 1130">
     <span class='ocr_line' id='line_1_4' title="bbox 270 569 1328 657; baseline -0.001 -17"><span class='ocrx_word' id='word_1_17' title='bbox 270 601 284 648; x_wconf 95' lang='lat'>1</span> <span class='ocrx_word' id='word_1_18' title='bbox 354 574 414 640; x_wconf 89' lang='lat' dir='ltr'>IV.</span> <span class='ocrx_word' id='word_1_19' title='bbox 442 573 518 638; x_wconf 91' lang='lat' dir='ltr'>Huc</span> <span class='ocrx_word' id='word_1_20' title='bbox 536 595 577 638; x_wconf 87' lang='lat' dir='ltr'>ex</span> <span class='ocrx_word' id='word_1_21' title='bbox 585 571 667 638; x_wconf 90' lang='lat' dir='ltr'>Asia</span> <span class='ocrx_word' id='word_1_22' title='bbox 681 569 772 637; x_wconf 88' lang='lat' dir='ltr'>Sulla</span> <span class='ocrx_word' id='word_1_23' title='bbox 788 573 944 637; x_wconf 83' lang='lat' dir='ltr'>decedens</span> <span class='ocrx_word' id='word_1_24' title='bbox 963 593 1037 637; x_wconf 90' lang='lat' dir='ltr'>cum</span> <span class='ocrx_word' id='word_1_25' title='bbox 1054 573 1204 652; x_wconf 88' lang='lat' dir='ltr'>venisset,</span> <span class='ocrx_word' id='word_1_26' title='bbox 1223 594 1328 657; x_wconf 72' lang='lat' dir='ltr'>quana</span> 
     </span>
     <span class='ocr_line' id='line_1_5' title="bbox 303 664 1330 752; baseline -0.003 -18"><span class='ocrx_word' id='word_1_27' title='bbox 303 670 359 735; x_wconf 90' lang='lat' dir='ltr'>diu</span> <span class='ocrx_word' id='word_1_28' title='bbox 376 668 421 734; x_wconf 92' lang='lat' dir='ltr'>ibi</span> <span class='ocrx_word' id='word_1_29' title='bbox 438 667 508 745; x_wconf 74' lang='lat' dir='ltr'>trit,</span> <span class='ocrx_word' id='word_1_30' title='bbox 528 689 635 732; x_wconf 89' lang='lat' dir='ltr'>secum</span> <span class='ocrx_word' id='word_1_31' title='bbox 653 665 763 730; x_wconf 89' lang='lat' dir='ltr'>habuit</span> <span class='ocrx_word' id='word_1_32' title='bbox 780 664 1003 751; x_wconf 89' lang='lat' dir='ltr'>Pomponium,</span> <span class='ocrx_word' id='word_1_33' title='bbox 1022 677 1132 752; x_wconf 89' lang='lat' dir='ltr'>captus</span> <span class='ocrx_word' id='word_1_34' title='bbox 1151 665 1330 732; x_wconf 87' lang='lat' dir='ltr'>adolescen-</span> 
     </span>
     <span class='ocr_line' id='line_1_6' title="bbox 303 757 1331 844; baseline -0.004 -16"><span class='ocrx_word' id='word_1_35' title='bbox 303 765 344 828; x_wconf 90' lang='lat' dir='ltr'>tis</span> <span class='ocrx_word' id='word_1_36' title='bbox 359 772 390 827; x_wconf 88' lang='lat' dir='ltr'>et</span> <span class='ocrx_word' id='word_1_37' title='bbox 402 761 597 826; x_wconf 83' lang='lat' dir='ltr'>humanitate</span> <span class='ocrx_word' id='word_1_38' title='bbox 611 769 642 824; x_wconf 89' lang='lat' dir='ltr'>et</span> <span class='ocrx_word' id='word_1_39' title='bbox 660 759 810 824; x_wconf 91' lang='lat' dir='ltr'>doctrina.</span> <span class='ocrx_word' id='word_1_40' title='bbox 839 761 885 824; x_wconf 91' lang='lat' dir='ltr'>sic</span> <span class='ocrx_word' id='word_1_41' title='bbox 898 761 983 824; x_wconf 91' lang='lat' dir='ltr'>enim</span> <span class='ocrx_word' id='word_1_42' title='bbox 998 757 1120 826; x_wconf 81' lang='lat' dir='ltr'>Graece</span> <span class='ocrx_word' id='word_1_43' title='bbox 1134 759 1331 844; x_wconf 83' lang='lat' dir='ltr'>loquebatur,</span> 
     </span>
     <span class='ocr_line' id='line_1_7' title="bbox 303 853 1332 922; baseline -0.004 0"><span class='ocrx_word' id='word_1_44' title='bbox 303 867 340 922; x_wconf 89' lang='lat' dir='ltr'>ut</span> <span class='ocrx_word' id='word_1_45' title='bbox 360 855 498 920; x_wconf 83' lang='lat' dir='ltr'>Athenis</span> <span class='ocrx_word' id='word_1_46' title='bbox 524 863 618 918; x_wconf 91' lang='lat' dir='ltr'>natus</span> <span class='ocrx_word' id='word_1_47' title='bbox 643 853 811 918; x_wconf 88' lang='lat' dir='ltr'>videretur.</span> <span class='ocrx_word' id='word_1_48' title='bbox 852 863 940 918; x_wconf 64' lang='lat' dir='ltr'>muta</span> <span class='ocrx_word' id='word_1_49' title='bbox 965 864 1072 918; x_wconf 88' lang='lat' dir='ltr'>autem</span> <span class='ocrx_word' id='word_1_50' title='bbox 1098 855 1243 920; x_wconf 85' lang='lat' dir='ltr'>suavitas</span> <span class='ocrx_word' id='word_1_51' title='bbox 1271 863 1332 918; x_wconf 87' lang='lat' dir='ltr'>erat</span> 
     </span>
     <span class='ocr_line' id='line_1_8' title="bbox 305 948 1333 1033; baseline -0.001 -19"><span class='ocrx_word' id='word_1_52' title='bbox 305 948 458 1014; x_wconf 89' lang='lat' dir='ltr'>sermonis</span> <span class='ocrx_word' id='word_1_53' title='bbox 475 948 597 1025; x_wconf 87' lang='lat' dir='ltr'>Latini,</span> <span class='ocrx_word' id='word_1_54' title='bbox 625 955 660 1010; x_wconf 93' lang='lat' dir='ltr'>ut</span> <span class='ocrx_word' id='word_1_55' title='bbox 686 956 863 1032; x_wconf 84' lang='lat' dir='ltr'>appareret,</span> <span class='ocrx_word' id='word_1_56' title='bbox 889 948 924 1012; x_wconf 89' lang='lat' dir='ltr'>in</span> <span class='ocrx_word' id='word_1_57' title='bbox 950 969 988 1012; x_wconf 92' lang='lat' dir='ltr'>eo</span> <span class='ocrx_word' id='word_1_58' title='bbox 1009 949 1151 1014; x_wconf 89' lang='lat' dir='ltr'>nativum</span> <span class='ocrx_word' id='word_1_59' title='bbox 1173 949 1333 1033; x_wconf 88' lang='lat' dir='ltr'>quendam</span> 
     </span>
     <span class='ocr_line' id='line_1_9' title="bbox 303 1041 1334 1130; baseline -0.005 -21"><span class='ocrx_word' id='word_1_60' title='bbox 303 1044 444 1130; x_wconf 90' lang='lat' dir='ltr'>leporem</span> <span class='ocrx_word' id='word_1_61' title='bbox 466 1063 550 1119; x_wconf 90' lang='lat' dir='ltr'>esse,</span> <span class='ocrx_word' id='word_1_62' title='bbox 573 1063 637 1105; x_wconf 90' lang='lat' dir='ltr'>non</span> <span class='ocrx_word' id='word_1_63' title='bbox 659 1041 802 1106; x_wconf 90' lang='lat' dir='ltr'>ascitum.</span> <span class='ocrx_word' id='word_1_64' title='bbox 833 1041 919 1106; x_wconf 90' lang='lat' dir='ltr'>idem</span> <span class='ocrx_word' id='word_1_65' title='bbox 940 1053 1087 1128; x_wconf 90' lang='lat' dir='ltr'>poemata</span> <span class='ocrx_word' id='word_1_66' title='bbox 1111 1043 1334 1129; x_wconf 88' lang='lat' dir='ltr'>pronuntiabat</span> 
     </span>
    </p>

    <p class='ocr_par' dir='ltr' id='par_1_4' title="bbox 270 1135 1335 1222">
     <span class='ocr_line' id='line_1_10' title="bbox 270 1135 1335 1222; baseline -0.003 -20"><span class='ocrx_word' id='word_1_67' title='bbox 270 1163 285 1210; x_wconf 78' lang='lat' dir='ltr'>a</span> <span class='ocrx_word' id='word_1_68' title='bbox 305 1149 336 1202; x_wconf 91' lang='lat' dir='ltr'>et</span> <span class='ocrx_word' id='word_1_69' title='bbox 355 1135 477 1202; x_wconf 84' lang='lat' dir='ltr'>Graece</span> <span class='ocrx_word' id='word_1_70' title='bbox 495 1144 526 1199; x_wconf 91' lang='lat' dir='ltr'>et</span> <span class='ocrx_word' id='word_1_71' title='bbox 543 1135 659 1200; x_wconf 89' lang='lat' dir='ltr'>Latine</span> <span class='ocrx_word' id='word_1_72' title='bbox 678 1136 737 1213; x_wconf 94' lang='lat' dir='ltr'>sic,</span> <span class='ocrx_word' id='word_1_73' title='bbox 760 1144 910 1222; x_wconf 89' lang='lat' dir='ltr'>utsupra</span> <span class='ocrx_word' id='word_1_74' title='bbox 926 1137 1004 1201; x_wconf 86' lang='lat' dir='ltr'>nihil</span> <span class='ocrx_word' id='word_1_75' title='bbox 1025 1145 1135 1222; x_wconf 87' lang='lat' dir='ltr'>posset</span> <span class='ocrx_word' id='word_1_76' title='bbox 1152 1138 1237 1202; x_wconf 89' lang='lat' dir='ltr'>addi.</span> <span class='ocrx_word' id='word_1_77' title='bbox 1268 1137 1335 1221; x_wconf 93' lang='lat' dir='ltr'>qui·</span> 
     </span>
    </p>

    <p class='ocr_par' dir='ltr' id='par_1_5' title="bbox 264 1227 1337 1783">
     <span class='ocr_line' id='line_1_11' title="bbox 264 1227 1334 1315; baseline -0.006 -18"><span class='ocrx_word' id='word_1_78' title='bbox 264 1253 267 1258; x_wconf 78' lang='grc'><em>’</em></span> <span class='ocrx_word' id='word_1_79' title='bbox 304 1232 363 1297; x_wconf 90' lang='lat' dir='ltr'>bus</span> <span class='ocrx_word' id='word_1_80' title='bbox 381 1229 477 1295; x_wconf 91' lang='lat' dir='ltr'>rebus</span> <span class='ocrx_word' id='word_1_81' title='bbox 495 1229 616 1294; x_wconf 82' lang='lat' dir='ltr'>factum</span> <span class='ocrx_word' id='word_1_82' title='bbox 634 1239 691 1307; x_wconf 90' lang='lat' dir='ltr'>est,</span> <span class='ocrx_word' id='word_1_83' title='bbox 713 1240 750 1294; x_wconf 92' lang='lat' dir='ltr'>ut</span> <span class='ocrx_word' id='word_1_84' title='bbox 769 1227 859 1296; x_wconf 84' lang='lat' dir='ltr'>Sulla</span> <span class='ocrx_word' id='word_1_85' title='bbox 876 1253 1032 1315; x_wconf 82' lang='lat' dir='ltr'>nusquam</span> <span class='ocrx_word' id='word_1_86' title='bbox 1050 1229 1091 1296; x_wconf 87' lang='lat' dir='ltr'>ab</span> <span class='ocrx_word' id='word_1_87' title='bbox 1110 1253 1144 1296; x_wconf 91' lang='lat' dir='ltr'>se</span> <span class='ocrx_word' id='word_1_88' title='bbox 1163 1232 1334 1296; x_wconf 87' lang='lat' dir='ltr'>dimitteret</span> 
     </span>
     <span class='ocr_line' id='line_1_12' title="bbox 305 1325 1333 1412; baseline -0.006 -22"><span class='ocrx_word' id='word_1_89' title='bbox 305 1333 495 1411; x_wconf 89' lang='lat' dir='ltr'>cuperetque</span> <span class='ocrx_word' id='word_1_90' title='bbox 509 1346 617 1389; x_wconf 87' lang='lat' dir='ltr'>secum</span> <span class='ocrx_word' id='word_1_91' title='bbox 630 1325 794 1389; x_wconf 89' lang='lat' dir='ltr'>deducere.</span> <span class='ocrx_word' id='word_1_92' title='bbox 823 1325 963 1408; x_wconf 93' lang='lat' dir='ltr'>quicum</span> <span class='ocrx_word' id='word_1_93' title='bbox 980 1325 1170 1412; x_wconf 88' lang='lat' dir='ltr'>persuadere</span> <span class='ocrx_word' id='word_1_94' title='bbox 1188 1331 1333 1398; x_wconf 88' lang='lat' dir='ltr'>tentaret,</span> 
     </span>
     <span class='ocr_line' id='line_1_13' title="bbox 306 1416 1335 1506; baseline -0.006 -22"><span class='ocrx_word' id='word_1_95' title='bbox 306 1419 407 1500; x_wconf 75' lang='lat' dir='ltr'>„Noli</span> <span class='ocrx_word' id='word_1_96' title='bbox 427 1441 482 1484; x_wconf 92' lang='lat' dir='ltr'>oro</span> <span class='ocrx_word' id='word_1_97' title='bbox 500 1423 562 1495; x_wconf 85' lang='lat' dir='ltr'>te,“</span> <span class='ocrx_word' id='word_1_98' title='bbox 581 1419 682 1502; x_wconf 92' lang='lat' dir='ltr'>inquit</span> <span class='ocrx_word' id='word_1_99' title='bbox 690 1418 895 1506; x_wconf 91' lang='lat' dir='ltr'>Pomponius,</span> <span class='ocrx_word' id='word_1_100' title='bbox 917 1420 1105 1499; x_wconf 88' lang='lat' dir='ltr'>„adversum</span> <span class='ocrx_word' id='word_1_101' title='bbox 1118 1441 1173 1484; x_wconf 88' lang='lat' dir='ltr'>eos</span> <span class='ocrx_word' id='word_1_102' title='bbox 1186 1442 1238 1484; x_wconf 90' lang='lat' dir='ltr'>me</span> <span class='ocrx_word' id='word_1_103' title='bbox 1253 1416 1335 1481; x_wconf 88' lang='lat' dir='ltr'>velle</span> 
     </span>
     <span class='ocr_line' id='line_1_14' title="bbox 305 1512 1336 1594; baseline -0.002 -18"><span class='ocrx_word' id='word_1_104' title='bbox 305 1515 429 1590; x_wconf 89' lang='lat' dir='ltr'>ducere,</span> <span class='ocrx_word' id='word_1_105' title='bbox 449 1535 521 1576; x_wconf 91' lang='lat' dir='ltr'>cum</span> <span class='ocrx_word' id='word_1_106' title='bbox 539 1512 653 1594; x_wconf 93' lang='lat' dir='ltr'>quibus</span> <span class='ocrx_word' id='word_1_107' title='bbox 668 1535 707 1576; x_wconf 90' lang='lat' dir='ltr'>ne</span> <span class='ocrx_word' id='word_1_108' title='bbox 726 1522 834 1577; x_wconf 90' lang='lat' dir='ltr'>contra</span> <span class='ocrx_word' id='word_1_109' title='bbox 851 1522 882 1576; x_wconf 91' lang='lat' dir='ltr'>te</span> <span class='ocrx_word' id='word_1_110' title='bbox 900 1535 988 1577; x_wconf 90' lang='lat' dir='ltr'>arma</span> <span class='ocrx_word' id='word_1_111' title='bbox 1000 1513 1124 1589; x_wconf 90' lang='lat' dir='ltr'>ferrem,</span> <span class='ocrx_word' id='word_1_112' title='bbox 1144 1513 1275 1576; x_wconf 85' lang='lat' dir='ltr'>Italiam</span> <span class='ocrx_word' id='word_1_113' title='bbox 1289 1532 1336 1574; x_wconf 93' lang='lat' dir='ltr'>re·</span> 
     </span>
     <span class='ocr_line' id='line_1_15' title="bbox 304 1604 1337 1689; baseline -0.004 -19"><span class='ocrx_word' id='word_1_114' title='bbox 304 1607 413 1689; x_wconf 88' lang='lat' dir='ltr'>liqui.“</span> <span class='ocrx_word' id='word_1_115' title='bbox 445 1615 478 1669; x_wconf 91' lang='lat' dir='ltr'>at</span> <span class='ocrx_word' id='word_1_116' title='bbox 493 1604 582 1670; x_wconf 81' lang='lat' dir='ltr'>Sulla</span> <span class='ocrx_word' id='word_1_117' title='bbox 596 1605 803 1669; x_wconf 89' lang='lat' dir='ltr'>adolescentis</span> <span class='ocrx_word' id='word_1_118' title='bbox 823 1606 928 1670; x_wconf 84' lang='lat' dir='ltr'>officio</span> <span class='ocrx_word' id='word_1_119' title='bbox 946 1607 1122 1670; x_wconf 89' lang='lat' dir='ltr'>collaudato</span> <span class='ocrx_word' id='word_1_120' title='bbox 1140 1607 1248 1670; x_wconf 90' lang='lat' dir='ltr'>omnia</span> <span class='ocrx_word' id='word_1_121' title='bbox 1268 1625 1337 1668; x_wconf 89' lang='lat' dir='ltr'>mu-</span> 
     </span>
     <span class='ocr_line' id='line_1_16' title="bbox 302 1697 1337 1783; baseline -0.004 -19"><span class='ocrx_word' id='word_1_122' title='bbox 302 1721 379 1764; x_wconf 88' lang='lat' dir='ltr'>nera</span> <span class='ocrx_word' id='word_1_123' title='bbox 397 1700 435 1776; x_wconf 91' lang='lat' dir='ltr'>ei,</span> <span class='ocrx_word' id='word_1_124' title='bbox 455 1721 534 1782; x_wconf 89' lang='lat' dir='ltr'>quae</span> <span class='ocrx_word' id='word_1_125' title='bbox 544 1697 679 1761; x_wconf 90' lang='lat' dir='ltr'>Athenis</span> <span class='ocrx_word' id='word_1_126' title='bbox 694 1708 865 1782; x_wconf 88' lang='lat' dir='ltr'>acceperat,</span> <span class='ocrx_word' id='word_1_127' title='bbox 884 1700 1087 1783; x_wconf 87' lang='lat' dir='ltr'>proficiscens</span> <span class='ocrx_word' id='word_1_128' title='bbox 1101 1701 1192 1765; x_wconf 86' lang='lat' dir='ltr'>iussit</span> <span class='ocrx_word' id='word_1_129' title='bbox 1206 1699 1337 1765; x_wconf 88' lang='lat' dir='ltr'>deferri.</span> 
     </span>
    </p>

    <p class='ocr_par' dir='ltr' id='par_1_6' title="bbox 270 1793 1345 2155">
     <span class='ocr_line' id='line_1_17' title="bbox 270 1793 1340 1875; baseline -0.003 -17"><span class='ocrx_word' id='word_1_130' title='bbox 270 1818 286 1865; x_wconf 83' lang='lat'><strong>3</strong></span> <span class='ocrx_word' id='word_1_131' title='bbox 303 1794 355 1858; x_wconf 90' lang='lat' dir='ltr'>hic</span> <span class='ocrx_word' id='word_1_132' title='bbox 369 1793 543 1875; x_wconf 88' lang='lat' dir='ltr'>complures</span> <span class='ocrx_word' id='word_1_133' title='bbox 562 1812 661 1854; x_wconf 89' lang='lat' dir='ltr'>annos</span> <span class='ocrx_word' id='word_1_134' title='bbox 679 1801 828 1865; x_wconf 89' lang='lat' dir='ltr'>moratus,</span> <span class='ocrx_word' id='word_1_135' title='bbox 848 1813 920 1853; x_wconf 90' lang='lat' dir='ltr'>cum</span> <span class='ocrx_word' id='word_1_136' title='bbox 934 1802 965 1854; x_wconf 89' lang='lat' dir='ltr'>et</span> <span class='ocrx_word' id='word_1_137' title='bbox 982 1795 1027 1854; x_wconf 91' lang='lat' dir='ltr'>rei</span> <span class='ocrx_word' id='word_1_138' title='bbox 1045 1793 1191 1856; x_wconf 86' lang='lat' dir='ltr'>familiari</span> <span class='ocrx_word' id='word_1_139' title='bbox 1210 1804 1340 1858; x_wconf 91' lang='lat' dir='ltr'>tantum</span> 
     </span>
     <span class='ocr_line' id='line_1_18' title="bbox 303 1882 1342 1968; baseline 0.004 -21"><span class='ocrx_word' id='word_1_140' title='bbox 303 1905 416 1967; x_wconf 87' lang='lat' dir='ltr'>operae</span> <span class='ocrx_word' id='word_1_141' title='bbox 435 1885 532 1956; x_wconf 87' lang='lat' dir='ltr'>daret,</span> <span class='ocrx_word' id='word_1_142' title='bbox 551 1890 702 1963; x_wconf 88' lang='lat' dir='ltr'>quantum</span> <span class='ocrx_word' id='word_1_143' title='bbox 720 1904 783 1945; x_wconf 93' lang='lat' dir='ltr'>non</span> <span class='ocrx_word' id='word_1_144' title='bbox 799 1882 967 1966; x_wconf 85' lang='lat' dir='ltr'>indiligens</span> <span class='ocrx_word' id='word_1_145' title='bbox 986 1883 1114 1947; x_wconf 85' lang='lat' dir='ltr'>deberet</span> <span class='ocrx_word' id='word_1_146' title='bbox 1129 1896 1221 1968; x_wconf 90' lang='lat' dir='ltr'>pater</span> <span class='ocrx_word' id='word_1_147' title='bbox 1238 1886 1342 1950; x_wconf 86' lang='lat' dir='ltr'>fami·</span> 
     </span>
     <span class='ocr_line' id='line_1_19' title="bbox 302 1971 1345 2059; baseline 0.001 -19"><span class='ocrx_word' id='word_1_148' title='bbox 302 1977 375 2052; x_wconf 90' lang='lat' dir='ltr'>lias,</span> <span class='ocrx_word' id='word_1_149' title='bbox 400 1983 432 2038; x_wconf 92' lang='lat' dir='ltr'>et</span> <span class='ocrx_word' id='word_1_150' title='bbox 449 1973 555 2037; x_wconf 93' lang='lat' dir='ltr'>omnia</span> <span class='ocrx_word' id='word_1_151' title='bbox 576 1971 696 2057; x_wconf 88' lang='lat' dir='ltr'>reliqua</span> <span class='ocrx_word' id='word_1_152' title='bbox 718 1983 859 2059; x_wconf 89' lang='lat' dir='ltr'>tempora</span> <span class='ocrx_word' id='word_1_153' title='bbox 877 1983 931 2038; x_wconf 87' lang='lat' dir='ltr'>aut</span> <span class='ocrx_word' id='word_1_154' title='bbox 952 1975 1062 2039; x_wconf 89' lang='lat' dir='ltr'>litteris</span> <span class='ocrx_word' id='word_1_155' title='bbox 1081 1985 1135 2038; x_wconf 89' lang='lat' dir='ltr'>aut</span> <span class='ocrx_word' id='word_1_156' title='bbox 1152 1974 1345 2041; x_wconf 88' lang='lat' dir='ltr'>Athenien-</span> 
     </span>
     <span class='ocr_line' id='line_1_20' title="bbox 303 2067 1343 2155; baseline -0.001 -21"><span class='ocrx_word' id='word_1_157' title='bbox 303 2071 386 2136; x_wconf 91' lang='lat' dir='ltr'>sium</span> <span class='ocrx_word' id='word_1_158' title='bbox 411 2068 457 2132; x_wconf 91' lang='lat' dir='ltr'>rei</span> <span class='ocrx_word' id='word_1_159' title='bbox 481 2067 625 2155; x_wconf 88' lang='lat' dir='ltr'>publicae</span> <span class='ocrx_word' id='word_1_160' title='bbox 648 2067 809 2145; x_wconf 86' lang='lat' dir='ltr'>tribueret,</span> <span class='ocrx_word' id='word_1_161' title='bbox 841 2067 937 2133; x_wconf 91' lang='lat' dir='ltr'>nihilo</span> <span class='ocrx_word' id='word_1_162' title='bbox 955 2067 1058 2132; x_wconf 90' lang='lat' dir='ltr'>minus</span> <span class='ocrx_word' id='word_1_163' title='bbox 1077 2067 1185 2132; x_wconf 91' lang='lat' dir='ltr'>amicis</span> <span class='ocrx_word' id='word_1_164' title='bbox 1208 2067 1343 2133; x_wconf 88' lang='lat' dir='ltr'>urbana</span> 
     </span>
    </p>

    <p class='ocr_par' dir='ltr' id='par_1_7' title="bbox 203 2161 1338 2528">
     <span class='ocr_line' id='line_1_21' title="bbox 203 2161 1338 2248; baseline 0.002 -24"><span class='ocrx_word' id='word_1_165' title='bbox 203 2221 206 2224; x_wconf 87' lang='lat'>.</span> <span class='ocrx_word' id='word_1_166' title='bbox 268 2187 286 2233; x_wconf 84' lang='lat'>4·</span> <span class='ocrx_word' id='word_1_167' title='bbox 305 2163 410 2229; x_wconf 87' lang='lat' dir='ltr'>officia</span> <span class='ocrx_word' id='word_1_168' title='bbox 426 2163 590 2248; x_wconf 90' lang='lat' dir='ltr'>praestitit.</span> <span class='ocrx_word' id='word_1_169' title='bbox 623 2185 698 2225; x_wconf 91' lang='lat' dir='ltr'>nam</span> <span class='ocrx_word' id='word_1_170' title='bbox 716 2171 746 2224; x_wconf 88' lang='lat' dir='ltr'>et</span> <span class='ocrx_word' id='word_1_171' title='bbox 764 2162 805 2225; x_wconf 91' lang='lat' dir='ltr'>ad</span> <span class='ocrx_word' id='word_1_172' title='bbox 822 2162 948 2226; x_wconf 90' lang='lat' dir='ltr'>comitia</span> <span class='ocrx_word' id='word_1_173' title='bbox 966 2183 1074 2225; x_wconf 89' lang='lat' dir='ltr'>eorum</span> <span class='ocrx_word' id='word_1_174' title='bbox 1091 2161 1273 2238; x_wconf 90' lang='lat' dir='ltr'>ventitavit,</span> <span class='ocrx_word' id='word_1_175' title='bbox 1298 2172 1338 2237; x_wconf 87' lang='lat' dir='ltr'>et,</span> 
     </span>
     <span class='ocr_line' id='line_1_22' title="bbox 305 2252 1337 2342; baseline -0.005 -19"><span class='ocrx_word' id='word_1_176' title='bbox 305 2259 413 2342; x_wconf 88' lang='lat' dir='ltr'>siqua</span> <span class='ocrx_word' id='word_1_177' title='bbox 434 2279 485 2321; x_wconf 92' lang='lat' dir='ltr'>res</span> <span class='ocrx_word' id='word_1_178' title='bbox 508 2255 607 2320; x_wconf 92' lang='lat' dir='ltr'>maior</span> <span class='ocrx_word' id='word_1_179' title='bbox 629 2265 700 2320; x_wconf 89' lang='lat' dir='ltr'>acta</span> <span class='ocrx_word' id='word_1_180' title='bbox 717 2265 778 2332; x_wconf 91' lang='lat' dir='ltr'>cst,</span> <span class='ocrx_word' id='word_1_181' title='bbox 801 2275 866 2319; x_wconf 90' lang='lat' dir='ltr'>non</span> <span class='ocrx_word' id='word_1_182' title='bbox 888 2254 996 2319; x_wconf 88' lang='lat' dir='ltr'>defuit.</span> <span class='ocrx_word' id='word_1_183' title='bbox 1030 2255 1110 2319; x_wconf 91' lang='lat' dir='ltr'>sicut</span> <span class='ocrx_word' id='word_1_184' title='bbox 1129 2252 1283 2318; x_wconf 84' lang='lat' dir='ltr'>Ciceroni</span> <span class='ocrx_word' id='word_1_185' title='bbox 1307 2256 1337 2318; x_wconf 92' lang='lat' dir='ltr'>in</span> 
     </span>
     <span class='ocr_line' id='line_1_23' title="bbox 304 2347 1335 2435; baseline -0.006 -19"><span class='ocrx_word' id='word_1_186' title='bbox 304 2351 451 2416; x_wconf 89' lang='lat' dir='ltr'>omnibus</span> <span class='ocrx_word' id='word_1_187' title='bbox 470 2349 538 2413; x_wconf 91' lang='lat' dir='ltr'>eius</span> <span class='ocrx_word' id='word_1_188' title='bbox 555 2347 704 2433; x_wconf 90' lang='lat' dir='ltr'>periculis</span> <span class='ocrx_word' id='word_1_189' title='bbox 724 2348 915 2435; x_wconf 80' lang='lat' dir='ltr'>singularem</span> <span class='ocrx_word' id='word_1_190' title='bbox 932 2347 1027 2412; x_wconf 87' lang='lat' dir='ltr'>fidem</span> <span class='ocrx_word' id='word_1_191' title='bbox 1045 2347 1202 2433; x_wconf 89' lang='lat' dir='ltr'>praebuit,</span> <span class='ocrx_word' id='word_1_192' title='bbox 1222 2349 1279 2411; x_wconf 93' lang='lat' dir='ltr'>cui</span> <span class='ocrx_word' id='word_1_193' title='bbox 1298 2369 1335 2412; x_wconf 87' lang='lat' dir='ltr'>ex</span> 
     </span>
     <span class='ocr_line' id='line_1_24' title="bbox 302 2439 1332 2528; baseline -0.003 -22"><span class='ocrx_word' id='word_1_194' title='bbox 302 2443 404 2528; x_wconf 90' lang='lat' dir='ltr'>patria</span> <span class='ocrx_word' id='word_1_195' title='bbox 421 2442 555 2527; x_wconf 80' lang='lat' dir='ltr'>fugienti</span> <span class='ocrx_word' id='word_1_196' title='bbox 564 2439 635 2506; x_wconf 89' lang='lat' dir='ltr'>HS.</span> <span class='ocrx_word' id='word_1_197' title='bbox 647 2443 782 2505; x_wconf 86' lang='lat' dir='ltr'>ducenta</span> <span class='ocrx_word' id='word_1_198' title='bbox 799 2451 831 2506; x_wconf 93' lang='lat' dir='ltr'>et</span> <span class='ocrx_word' id='word_1_199' title='bbox 848 2442 1076 2528; x_wconf 80' lang='lat' dir='ltr'>quinquaginta</span> <span class='ocrx_word' id='word_1_200' title='bbox 1093 2441 1179 2504; x_wconf 90' lang='lat' dir='ltr'>milia</span> <span class='ocrx_word' id='word_1_201' title='bbox 1193 2441 1332 2505; x_wconf 89' lang='lat' dir='ltr'>donavit.</span> 
     </span>
    </p>

    <p class='ocr_par' dir='ltr' id='par_1_8' title="bbox 270 2533 1332 2882">
     <span class='ocr_line' id='line_1_25' title="bbox 270 2533 1332 2620; baseline -0.006 -20"><span class='ocrx_word' id='word_1_202' title='bbox 270 2559 285 2607; x_wconf 79' lang='lat' dir='ltr'>s</span> <span class='ocrx_word' id='word_1_203' title='bbox 304 2533 512 2619; x_wconf 84' lang='lat' dir='ltr'>tranquillatis</span> <span class='ocrx_word' id='word_1_204' title='bbox 531 2543 636 2598; x_wconf 90' lang='lat' dir='ltr'>autem</span> <span class='ocrx_word' id='word_1_205' title='bbox 654 2533 749 2598; x_wconf 90' lang='lat' dir='ltr'>rebus</span> <span class='ocrx_word' id='word_1_206' title='bbox 767 2534 919 2600; x_wconf 89' lang='lat' dir='ltr'>Romanis</span> <span class='ocrx_word' id='word_1_207' title='bbox 937 2535 1119 2620; x_wconf 85' lang='lat' dir='ltr'>remigravit</span> <span class='ocrx_word' id='word_1_208' title='bbox 1131 2535 1283 2613; x_wconf 87' lang='lat' dir='ltr'>Romam,</span> <span class='ocrx_word' id='word_1_209' title='bbox 1301 2543 1332 2596; x_wconf 91' lang='lat' dir='ltr'>ut</span> 
     </span>
     <span class='ocr_line' id='line_1_26' title="bbox 304 2625 1331 2715; baseline -0.004 -21"><span class='ocrx_word' id='word_1_210' title='bbox 304 2630 424 2715; x_wconf 93' lang='lat' dir='ltr'>opinor,</span> <span class='ocrx_word' id='word_1_211' title='bbox 443 2629 484 2692; x_wconf 86' lang='lat' dir='ltr'>L.</span> <span class='ocrx_word' id='word_1_212' title='bbox 505 2625 600 2692; x_wconf 86' lang='lat' dir='ltr'>Cotta</span> <span class='ocrx_word' id='word_1_213' title='bbox 622 2636 653 2691; x_wconf 89' lang='lat' dir='ltr'>et</span> <span class='ocrx_word' id='word_1_214' title='bbox 670 2627 711 2691; x_wconf 88' lang='lat' dir='ltr'>L.</span> <span class='ocrx_word' id='word_1_215' title='bbox 731 2625 891 2711; x_wconf 88' lang='lat' dir='ltr'>Torquato</span> <span class='ocrx_word' id='word_1_216' title='bbox 910 2629 1106 2706; x_wconf 89' lang='lat' dir='ltr'>consulibus,</span> <span class='ocrx_word' id='word_1_217' title='bbox 1130 2651 1225 2712; x_wconf 88' lang='lat' dir='ltr'>quem</span> <span class='ocrx_word' id='word_1_218' title='bbox 1249 2629 1331 2692; x_wconf 89' lang='lat' dir='ltr'>diem</span> 
     </span>
     <span class='ocr_line' id='line_1_27' title="bbox 305 2720 1332 2808; baseline -0.004 -20"><span class='ocrx_word' id='word_1_219' title='bbox 305 2725 351 2788; x_wconf 90' lang='lat' dir='ltr'>sic</span> <span class='ocrx_word' id='word_1_220' title='bbox 369 2724 517 2787; x_wconf 89' lang='lat' dir='ltr'>universa</span> <span class='ocrx_word' id='word_1_221' title='bbox 539 2721 649 2786; x_wconf 88' lang='lat' dir='ltr'>civitas</span> <span class='ocrx_word' id='word_1_222' title='bbox 667 2720 910 2786; x_wconf 90' lang='lat' dir='ltr'>Atheniensium</span> <span class='ocrx_word' id='word_1_223' title='bbox 927 2732 1094 2808; x_wconf 89' lang='lat' dir='ltr'>prosecuta</span> <span class='ocrx_word' id='word_1_224' title='bbox 1112 2732 1169 2800; x_wconf 90' lang='lat' dir='ltr'>est,</span> <span class='ocrx_word' id='word_1_225' title='bbox 1188 2732 1225 2787; x_wconf 92' lang='lat' dir='ltr'>ut</span> <span class='ocrx_word' id='word_1_226' title='bbox 1242 2721 1332 2786; x_wconf 89' lang='lat' dir='ltr'>lacri-</span> 
     </span>
     <span class='ocr_line' id='line_1_28' title="bbox 303 2817 982 2882; baseline -0.001 -1"><span class='ocrx_word' id='word_1_227' title='bbox 303 2819 364 2881; x_wconf 89' lang='lat' dir='ltr'>mis</span> <span class='ocrx_word' id='word_1_228' title='bbox 383 2817 532 2880; x_wconf 86' lang='lat' dir='ltr'>desiderii</span> <span class='ocrx_word' id='word_1_229' title='bbox 549 2817 648 2879; x_wconf 87' lang='lat' dir='ltr'>futuri</span> <span class='ocrx_word' id='word_1_230' title='bbox 665 2817 804 2880; x_wconf 91' lang='lat' dir='ltr'>dolorem</span> <span class='ocrx_word' id='word_1_231' title='bbox 822 2817 982 2882; x_wconf 87' lang='lat' dir='ltr'>indicaret.</span> 
     </span>
    </p>

    <p class='ocr_par' dir='ltr' id='par_1_9' title="bbox 229 2907 1327 2994">
     <span class='ocr_line' id='line_1_29' title="bbox 229 2907 1327 2994; baseline 0.005 -26"><span class='ocrx_word' id='word_1_232' title='bbox 229 2963 231 2968; x_wconf 83' lang='lat'><strong>.</strong></span> <span class='ocrx_word' id='word_1_233' title='bbox 271 2931 285 2980; x_wconf 91' lang='lat'>1</span> <span class='ocrx_word' id='word_1_234' title='bbox 355 2909 397 2974; x_wconf 91' lang='lat' dir='ltr'>V.</span> <span class='ocrx_word' id='word_1_235' title='bbox 424 2907 576 2974; x_wconf 87' lang='lat' dir='ltr'>Habebat</span> <span class='ocrx_word' id='word_1_236' title='bbox 594 2909 784 2975; x_wconf 88' lang='lat' dir='ltr'>avunculum</span> <span class='ocrx_word' id='word_1_237' title='bbox 803 2909 843 2994; x_wconf 98' lang='lat' dir='ltr'>Q.</span> <span class='ocrx_word' id='word_1_238' title='bbox 860 2910 1043 2989; x_wconf 87' lang='lat' dir='ltr'>Caecilium,</span> <span class='ocrx_word' id='word_1_239' title='bbox 1063 2911 1200 2994; x_wconf 88' lang='lat' dir='ltr'>equitem</span> <span class='ocrx_word' id='word_1_240' title='bbox 1214 2910 1327 2976; x_wconf 89' lang='lat' dir='ltr'>Roma·</span> 
     </span>
    </p>

    <p class='ocr_par' dir='ltr' id='par_1_10' title="bbox 303 3003 1328 3083">
     <span class='ocr_line' id='line_1_30' title="bbox 303 3003 1328 3083; baseline -0.001 -14"><span class='ocrx_word' id='word_1_241' title='bbox 303 3027 394 3082; x_wconf 92' lang='lat' dir='ltr'>num,</span> <span class='ocrx_word' id='word_1_242' title='bbox 413 3003 600 3068; x_wconf 83' lang='lat' dir='ltr'>familiarem</span> <span class='ocrx_word' id='word_1_243' title='bbox 618 3003 660 3068; x_wconf 91' lang='lat' dir='ltr'>L.</span> <span class='ocrx_word' id='word_1_244' title='bbox 678 3003 817 3082; x_wconf 90' lang='lat' dir='ltr'>Luculli,</span> <span class='ocrx_word' id='word_1_245' title='bbox 837 3005 976 3083; x_wconf 89' lang='lat' dir='ltr'>divitem,</span> <span class='ocrx_word' id='word_1_246' title='bbox 1000 3004 1186 3070; x_wconf 87' lang='lat' dir='ltr'>difficillima</span> <span class='ocrx_word' id='word_1_247' title='bbox 1203 3013 1328 3078; x_wconf 88' lang='lat' dir='ltr'>natura;</span> 
     </span>
    </p>

    <p class='ocr_par' dir='ltr' id='par_1_11' title="bbox 303 3097 1329 3373">
     <span class='ocr_line' id='line_1_31' title="bbox 304 3097 1329 3186; baseline -0.001 -23"><span class='ocrx_word' id='word_1_248' title='bbox 304 3099 393 3164; x_wconf 91' lang='lat' dir='ltr'>cuius</span> <span class='ocrx_word' id='word_1_249' title='bbox 423 3097 468 3164; x_wconf 91' lang='lat' dir='ltr'>sic</span> <span class='ocrx_word' id='word_1_250' title='bbox 491 3099 692 3186; x_wconf 89' lang='lat' dir='ltr'>asperitatem</span> <span class='ocrx_word' id='word_1_251' title='bbox 713 3099 830 3164; x_wconf 88' lang='lat' dir='ltr'>veritus</span> <span class='ocrx_word' id='word_1_252' title='bbox 850 3109 911 3178; x_wconf 90' lang='lat' dir='ltr'>est,</span> <span class='ocrx_word' id='word_1_253' title='bbox 939 3109 987 3178; x_wconf 92' lang='lat' dir='ltr'>ut,</span> <span class='ocrx_word' id='word_1_254' title='bbox 1011 3122 1106 3184; x_wconf 90' lang='lat' dir='ltr'>quem</span> <span class='ocrx_word' id='word_1_255' title='bbox 1128 3121 1222 3164; x_wconf 91' lang='lat' dir='ltr'>nemo</span> <span class='ocrx_word' id='word_1_256' title='bbox 1249 3097 1329 3162; x_wconf 84' lang='lat' dir='ltr'>ferre</span> 
     </span>
     <span class='ocr_line' id='line_1_32' title="bbox 303 3193 1326 3278; baseline -0.004 -20"><span class='ocrx_word' id='word_1_257' title='bbox 303 3203 425 3278; x_wconf 88' lang='lat' dir='ltr'>posset,</span> <span class='ocrx_word' id='word_1_258' title='bbox 443 3193 537 3258; x_wconf 90' lang='lat' dir='ltr'>huius</span> <span class='ocrx_word' id='word_1_259' title='bbox 557 3194 624 3258; x_wconf 90' lang='lat' dir='ltr'>sine</span> <span class='ocrx_word' id='word_1_260' title='bbox 643 3193 816 3260; x_wconf 86' lang='lat' dir='ltr'>offensione</span> <span class='ocrx_word' id='word_1_261' title='bbox 834 3195 875 3259; x_wconf 88' lang='lat' dir='ltr'>ad</span> <span class='ocrx_word' id='word_1_262' title='bbox 894 3218 1050 3260; x_wconf 88' lang='lat' dir='ltr'>summam</span> <span class='ocrx_word' id='word_1_263' title='bbox 1068 3203 1261 3259; x_wconf 87' lang='lat' dir='ltr'>senectutem</span> <span class='ocrx_word' id='word_1_264' title='bbox 1279 3215 1326 3254; x_wconf 91' lang='lat' dir='ltr'>re-</span> 
     </span>
     <span class='ocr_line' id='line_1_33' title="bbox 303 3286 1324 3373; baseline -0.004 -23"><span class='ocrx_word' id='word_1_265' title='bbox 303 3286 431 3352; x_wconf 90' lang='lat' dir='ltr'>tinuerit</span> <span class='ocrx_word' id='word_1_266' title='bbox 456 3287 715 3351; x_wconf 87' lang='lat' dir='ltr'>benevolentiam.</span> <span class='ocrx_word' id='word_1_267' title='bbox 756 3311 819 3371; x_wconf 91' lang='lat' dir='ltr'>quo</span> <span class='ocrx_word' id='word_1_268' title='bbox 842 3287 925 3353; x_wconf 91' lang='lat' dir='ltr'>facto</span> <span class='ocrx_word' id='word_1_269' title='bbox 944 3289 1014 3352; x_wconf 91' lang='lat' dir='ltr'>tulit</span> <span class='ocrx_word' id='word_1_270' title='bbox 1035 3289 1161 3373; x_wconf 86' lang='lat' dir='ltr'>pietatis</span> <span class='ocrx_word' id='word_1_271' title='bbox 1180 3288 1324 3352; x_wconf 89' lang='lat' dir='ltr'>fructum.</span> 
     </span>
    </p>
   </div>
   <div class='ocr_carea' id='block_1_3' title="bbox 152 3377 1327 3468">
    <p class='ocr_par' dir='ltr' id='par_1_12' title="bbox 152 3377 1327 3468">
     <span class='ocr_line' id='line_1_34' title="bbox 152 3377 1327 3468; baseline -0.003 -20"><span class='ocrx_word' id='word_1_272' title='bbox 152 3377 155 3386; x_wconf 79' lang='grc'><strong>’</strong></span> <span class='ocrx_word' id='word_1_273' title='bbox 270 3401 286 3449; x_wconf 80' lang='lat'>2</span> <span class='ocrx_word' id='word_1_274' title='bbox 307 3381 466 3446; x_wconf 87' lang='lat' dir='ltr'>Caecilius</span> <span class='ocrx_word' id='word_1_275' title='bbox 490 3381 573 3444; x_wconf 89' lang='lat' dir='ltr'>enim</span> <span class='ocrx_word' id='word_1_276' title='bbox 596 3381 732 3443; x_wconf 89' lang='lat' dir='ltr'>moriens</span> <span class='ocrx_word' id='word_1_277' title='bbox 755 3389 941 3446; x_wconf 87' lang='lat' dir='ltr'>testamento</span> <span class='ocrx_word' id='word_1_278' title='bbox 964 3382 1125 3468; x_wconf 88' lang='lat' dir='ltr'>adoptavit</span> <span class='ocrx_word' id='word_1_279' title='bbox 1147 3405 1220 3447; x_wconf 89' lang='lat' dir='ltr'>eum</span> <span class='ocrx_word' id='word_1_280' title='bbox 1239 3379 1327 3444; x_wconf 80' lang='lat' dir='ltr'>here·</span> 
     </span>
    </p>
   </div>
   <div class='ocr_carea' id='block_1_4' title="bbox 271 3471 1355 4126">
    <p class='ocr_par' dir='ltr' id='par_1_13' title="bbox 271 3471 1355 4126">
     <span class='ocr_line' id='line_1_35' title="bbox 305 3471 1327 3561; baseline 0.001 -26"><span class='ocrx_word' id='word_1_281' title='bbox 305 3473 439 3553; x_wconf 91' lang='lat' dir='ltr'>demque</span> <span class='ocrx_word' id='word_1_282' title='bbox 457 3471 533 3536; x_wconf 89' lang='lat' dir='ltr'>fecit</span> <span class='ocrx_word' id='word_1_283' title='bbox 550 3495 590 3537; x_wconf 87' lang='lat' dir='ltr'>ex</span> <span class='ocrx_word' id='word_1_284' title='bbox 608 3471 758 3536; x_wconf 90' lang='lat' dir='ltr'>dodrante</span> <span class='ocrx_word' id='word_1_285' title='bbox 764 3497 774 3550; x_wconf 90' lang='lat'>;</span> <span class='ocrx_word' id='word_1_286' title='bbox 797 3495 836 3536; x_wconf 86' lang='lat' dir='ltr'>ex</span> <span class='ocrx_word' id='word_1_287' title='bbox 854 3495 917 3556; x_wconf 90' lang='lat' dir='ltr'>qua</span> <span class='ocrx_word' id='word_1_288' title='bbox 938 3473 1111 3542; x_wconf 90' lang='lat' dir='ltr'>hereditate</span> <span class='ocrx_word' id='word_1_289' title='bbox 1134 3475 1256 3561; x_wconf 90' lang='lat' dir='ltr'>accepit</span> <span class='ocrx_word' id='word_1_290' title='bbox 1274 3475 1327 3538; x_wconf 83' lang='lat' dir='ltr'>cir·</span> 
     </span>
     <span class='ocr_line' id='line_1_36' title="bbox 271 3563 1327 3653; baseline -0.001 -22"><span class='ocrx_word' id='word_1_291' title='bbox 271 3584 286 3631; x_wconf 79' lang='lat' dir='ltr'>e</span> <span class='ocrx_word' id='word_1_292' title='bbox 305 3563 381 3627; x_wconf 88' lang='lat' dir='ltr'>citer</span> <span class='ocrx_word' id='word_1_293' title='bbox 398 3563 516 3626; x_wconf 83' lang='lat' dir='ltr'>centies</span> <span class='ocrx_word' id='word_1_294' title='bbox 536 3565 722 3628; x_wconf 89' lang='lat' dir='ltr'>sestertium.</span> <span class='ocrx_word' id='word_1_295' title='bbox 752 3575 818 3629; x_wconf 89' lang='lat' dir='ltr'>erat</span> <span class='ocrx_word' id='word_1_296' title='bbox 835 3576 933 3652; x_wconf 90' lang='lat' dir='ltr'>nupta</span> <span class='ocrx_word' id='word_1_297' title='bbox 951 3591 1039 3634; x_wconf 88' lang='lat' dir='ltr'>soror</span> <span class='ocrx_word' id='word_1_298' title='bbox 1047 3567 1155 3635; x_wconf 76' lang='lat' dir='ltr'>Attici</span> <span class='ocrx_word' id='word_1_299' title='bbox 1169 3569 1211 3653; x_wconf 92' lang='lat' dir='ltr'>Q.</span> <span class='ocrx_word' id='word_1_300' title='bbox 1226 3565 1327 3632; x_wconf 86' lang='lat' dir='ltr'>Tullio</span> 
     </span>
     <span class='ocr_line' id='line_1_37' title="bbox 305 3655 1327 3746; baseline 0.002 -24"><span class='ocrx_word' id='word_1_301' title='bbox 305 3655 461 3734; x_wconf 85' lang='lat' dir='ltr'>Ciceroni,</span> <span class='ocrx_word' id='word_1_302' title='bbox 481 3677 597 3739; x_wconf 87' lang='lat' dir='ltr'>easque</span> <span class='ocrx_word' id='word_1_303' title='bbox 615 3659 740 3742; x_wconf 88' lang='lat' dir='ltr'>nuptias</span> <span class='ocrx_word' id='word_1_304' title='bbox 759 3656 806 3724; x_wconf 89' lang='lat' dir='ltr'>M.</span> <span class='ocrx_word' id='word_1_305' title='bbox 827 3659 939 3727; x_wconf 86' lang='lat' dir='ltr'>Cicero</span> <span class='ocrx_word' id='word_1_306' title='bbox 958 3663 1152 3742; x_wconf 89' lang='lat' dir='ltr'>conciliarat,</span> <span class='ocrx_word' id='word_1_307' title='bbox 1176 3685 1250 3728; x_wconf 86' lang='lat' dir='ltr'>curn</span> <span class='ocrx_word' id='word_1_308' title='bbox 1270 3683 1327 3746; x_wconf 91' lang='lat' dir='ltr'>quo</span> 
     </span>
     <span class='ocr_line' id='line_1_38' title="bbox 304 3749 1328 3835; baseline 0.003 -19"><span class='ocrx_word' id='word_1_309' title='bbox 304 3775 324 3815; x_wconf 95' lang='lat' dir='ltr'>a</span> <span class='ocrx_word' id='word_1_310' title='bbox 342 3749 590 3835; x_wconf 80' lang='lat' dir='ltr'>condiscipulatu</span> <span class='ocrx_word' id='word_1_311' title='bbox 610 3751 737 3816; x_wconf 89' lang='lat' dir='ltr'>vivebat</span> <span class='ocrx_word' id='word_1_312' title='bbox 759 3755 1026 3834; x_wconf 91' lang='lat' dir='ltr'>coniunctissime,</span> <span class='ocrx_word' id='word_1_313' title='bbox 1049 3757 1147 3822; x_wconf 89' lang='lat' dir='ltr'>multo</span> <span class='ocrx_word' id='word_1_314' title='bbox 1166 3757 1264 3822; x_wconf 87' lang='lat' dir='ltr'>etiam</span> <span class='ocrx_word' id='word_1_315' title='bbox 1285 3755 1328 3820; x_wconf 89' lang='lat' dir='ltr'>fa·</span> 
     </span>
     <span class='ocr_line' id='line_1_39' title="bbox 303 3845 1355 3936; baseline 0 -27"><span class='ocrx_word' id='word_1_316' title='bbox 303 3845 455 3910; x_wconf 79' lang='lat' dir='ltr'>miliarias</span> <span class='ocrx_word' id='word_1_317' title='bbox 483 3867 578 3929; x_wconf 88' lang='lat' dir='ltr'>quam</span> <span class='ocrx_word' id='word_1_318' title='bbox 600 3868 673 3911; x_wconf 92' lang='lat' dir='ltr'>cum</span> <span class='ocrx_word' id='word_1_319' title='bbox 696 3845 828 3929; x_wconf 91' lang='lat' dir='ltr'>Quinto,</span> <span class='ocrx_word' id='word_1_320' title='bbox 857 3859 891 3914; x_wconf 92' lang='lat' dir='ltr'>ut</span> <span class='ocrx_word' id='word_1_321' title='bbox 907 3851 1039 3915; x_wconf 90' lang='lat' dir='ltr'>iudicari</span> <span class='ocrx_word' id='word_1_322' title='bbox 1060 3851 1175 3936; x_wconf 90' lang='lat' dir='ltr'>possit,</span> <span class='ocrx_word' id='word_1_323' title='bbox 1202 3851 1276 3936; x_wconf 88' lang='lat' dir='ltr'>plus</span> <span class='ocrx_word' id='word_1_324' title='bbox 1297 3849 1327 3912; x_wconf 93' lang='lat' dir='ltr'>in</span> <span class='ocrx_word' id='word_1_325' title='bbox 1354 3869 1355 3909; x_wconf 57' lang='lat' dir='ltr'>t</span> 
     </span>
     <span class='ocr_line' id='line_1_40' title="bbox 304 3939 1326 4028; baseline 0.002 -26"><span class='ocrx_word' id='word_1_326' title='bbox 304 3939 440 4005; x_wconf 87' lang='lat' dir='ltr'>amicitia</span> <span class='ocrx_word' id='word_1_327' title='bbox 466 3939 570 4004; x_wconf 90' lang='lat' dir='ltr'>valere</span> <span class='ocrx_word' id='word_1_328' title='bbox 598 3940 834 4007; x_wconf 91' lang='lat' dir='ltr'>similitudinem</span> <span class='ocrx_word' id='word_1_329' title='bbox 860 3965 984 4009; x_wconf 90' lang='lat' dir='ltr'>morum</span> <span class='ocrx_word' id='word_1_330' title='bbox 1010 3965 1105 4028; x_wconf 91' lang='lat' dir='ltr'>quam</span> <span class='ocrx_word' id='word_1_331' title='bbox 1132 3943 1326 4010; x_wconf 84' lang='lat' dir='ltr'>affinitatem.</span> 
     </span>
     <span class='ocr_line' id='line_1_41' title="bbox 302 4031 1354 4126; baseline 0.008 -31"><span class='ocrx_word' id='word_1_332' title='bbox 302 4031 450 4096; x_wconf 90' lang='lat' dir='ltr'>utebatur</span> <span class='ocrx_word' id='word_1_333' title='bbox 472 4045 577 4098; x_wconf 90' lang='lat' dir='ltr'>autem</span> <span class='ocrx_word' id='word_1_334' title='bbox 598 4035 707 4101; x_wconf 88' lang='lat' dir='ltr'>intime</span> <span class='ocrx_word' id='word_1_335' title='bbox 726 4035 767 4120; x_wconf 89' lang='lat' dir='ltr'>Q.</span> <span class='ocrx_word' id='word_1_336' title='bbox 786 4037 971 4118; x_wconf 89' lang='lat' dir='ltr'>Hortensio,</span> <span class='ocrx_word' id='word_1_337' title='bbox 995 4039 1049 4123; x_wconf 92' lang='lat' dir='ltr'>qui</span> <span class='ocrx_word' id='word_1_338' title='bbox 1065 4039 1115 4105; x_wconf 91' lang='lat' dir='ltr'>his</span> <span class='ocrx_word' id='word_1_339' title='bbox 1134 4037 1325 4126; x_wconf 79' lang='lat' dir='ltr'>temporibus</span> <span class='ocrx_word' id='word_1_340' title='bbox 1353 4111 1354 4124; x_wconf 11' lang='grc' dir='ltr'>χ</span> 
     </span>
    </p>
   </div>
   <div class='ocr_carea' id='block_1_5' title="bbox 0 0 1384 4726">
    <p class='ocr_par' dir='ltr' id='par_1_14' title="bbox 0 0 1384 4726">
     <span class='ocr_line' id='line_1_42' title="bbox 0 0 1384 4726; baseline 0 0"><span class='ocrx_word' id='word_1_341' title='bbox 0 0 1384 4726; x_wconf 95' lang='lat' dir='ltr'> </span> 
     </span>
    </p>
   </div>
  </div>
 </body>
</html>
