2758 4726
297 271 339 338 64
626 279 810 336 coaunnu
824 277 989 338 NEPOTIS
1008 335 1013 356 ,

295 397 474 464 adduceret.
501 396 535 460 id
552 415 615 479 quo
633 393 756 459 facilius
775 395 906 472 faceret,
926 417 960 458 se
979 394 1124 460 omnibus
1143 397 1318 481 praelectis,

295 491 405 575 quiin
427 489 532 554 officio
554 488 737 566 manebant,
765 488 890 552 misisse
912 488 1045 566 litteras,
1068 499 1105 553 ut
1127 491 1156 553 ei
1177 503 1320 575 parerent

261 607 278 656 5
297 587 426 669 eiusque
445 584 582 650 consiliis
601 593 769 649 uterentur.
801 582 851 646 his
869 581 963 648 rebus
981 583 1142 648 Eumenes
1160 595 1319 669 permotus

296 681 394 746 satius
417 679 520 756 duxit,
549 679 576 742 si
596 679 640 742 ita
662 678 784 742 tulisset
805 676 944 754 fortuna,
971 678 1072 762 perire
1095 678 1175 742 bene
1203 681 1318 744 meritis

295 775 482 840 referentem
499 773 631 860 gratiam
649 795 745 856 quam
762 771 920 856 ingratum
938 771 1052 836 vivere.

263 891 276 937 1
348 868 424 934 VII.
451 867 563 950 Itaque
582 866 687 950 copias
706 865 868 941 contraxit,
887 864 1006 928 bellum
1024 865 1175 930 adversus
1186 864 1325 953 Antigo

295 985 373 1027 num
395 960 595 1046 comparavit.
627 959 712 1043 quod
734 981 797 1024 una
820 967 908 1023 erant
925 958 1120 1024 Macedones
1144 962 1320 1045 complures

296 1055 427 1132 nobiles,
444 1053 479 1118 in
496 1053 544 1116 his
562 1052 748 1130 Peucestes,
768 1053 823 1136 qui
842 1053 979 1138 corporis
999 1061 1105 1118 custos
1124 1052 1230 1118 fuerat
1247 1053 1321 1118 Ale·

295 1149 420 1226 xandri,
452 1157 519 1210 tum
547 1155 651 1210 autem
678 1146 840 1212 obtinebat
865 1146 1043 1224 Persidem,
1077 1155 1107 1211 et
1133 1146 1321 1234 Antigenes,

296 1243 385 1307 cuius
414 1241 473 1307 sub
499 1242 631 1328 imperio
657 1243 796 1328 phalanx
823 1251 888 1307 erat
910 1241 1137 1320 Macedonum,
1171 1244 1324 1308 invidiam

295 1359 422 1415 verens,
446 1359 543 1422 quam
565 1347 669 1402 tamen
692 1337 917 1423 effugere'non
937 1338 1052 1422 potuit,
1078 1338 1105 1400 si
1127 1338 1230 1422 potius
1250 1338 1325 1421 ipse

296 1432 472 1518 alienigena
487 1433 601 1496 summi
614 1432 737 1516 imperii
749 1433 908 1516 potiretur,
928 1453 1022 1514 quam
1037 1431 1089 1494 alii
1097 1429 1324 1506 Macedonum,

262 1543 278 1590 2
297 1547 430 1609 quorum
447 1526 492 1588 ibi
510 1535 576 1589 erat
592 1526 773 1589 multitudo:
792 1526 824 1588 in
837 1526 998 1610 principiis
1008 1523 1184 1588 Alexandri
1197 1526 1325 1590 nomine

297 1619 532 1684 tabernaculum
552 1619 659 1681 statuit
676 1620 824 1702 incoque
843 1620 952 1683 sellam
966 1641 1093 1683 auream
1107 1641 1180 1683 cum
1199 1630 1325 1704 sceptro

297 1733 334 1776 ac
352 1713 528 1775 diademate
546 1711 639 1774 iussit
655 1711 731 1794 poni
745 1733 845 1794 eoque
863 1735 972 1776 omnes
987 1713 1125 1795 quotidie
1144 1714 1326 1785 convenire,

296 1815 332 1869 ut
348 1805 393 1870 ibi
411 1807 450 1870 de
469 1805 599 1868 summis
623 1803 717 1866 rebus
737 1804 867 1866 consilia
885 1815 1079 1887 caperentur,
1103 1808 1245 1882 credens,
1271 1805 1329 1869 mi-

295 1919 370 1960 nore
389 1919 423 1959 se
441 1896 558 1976 invidia
575 1895 651 1969 fore,
672 1895 699 1957 si
718 1896 820 1979 specie
838 1896 961 1979 imperii
974 1895 1173 1977 nominisque
1192 1900 1331 1961 simula·

260 1989 378 2055 stione
396 1986 571 2050 Alexandri
594 1987 711 2051 bellum
736 1988 894 2051 videretur
916 1987 1142 2050 administrare.
1179 1991 1274 2068 quod
1305 1999 1335 2053 et

294 2079 378 2146 fecit.
406 2101 481 2144 nam
502 2101 574 2144 cum
596 2103 660 2144 non
678 2081 718 2144 ad
735 2080 890 2145 Eumenis
913 2080 1075 2165 principia,
1095 2080 1152 2144 sed
1170 2079 1211 2142 ad
1232 2083 1334 2166 regia

296 2175 512 2240 conveniretur
521 2183 615 2258 atque
628 2174 674 2238 ibi
683 2175 721 2238 de
735 2174 830 2239 rebus
840 2175 1072 2250 deliberaretur,
1087 2173 1331 2257 quodammodo

295 2270 422 2346 latebat,
442 2291 514 2333 curn
532 2277 636 2332 tamen
653 2291 801 2353 pereum
818 2291 916 2332 unum
935 2277 1116 2354 gererentur
1133 2266 1247 2330 omnia.

263 2383 277 2428 1
347 2359 442 2427 VIII.
470 2362 534 2425 Hic
557 2363 590 2426 in
607 2355 788 2426 Paraetacis
812 2384 885 2426 cum
902 2360 1065 2447 Antigono
1084 2360 1235 2436 conflixit,
1263 2383 1326 2425 non

296 2456 363 2519 acie
381 2455 547 2532 instructa,
572 2456 629 2520 sed
651 2455 686 2517 in
703 2455 828 2531 itinere,
853 2476 987 2538 eumque
1005 2453 1087 2517 male
1109 2462 1278 2538 acceptum
1296 2455 1324 2516 in

295 2548 438 2613 Mediam
458 2549 630 2612 hiematum
652 2547 756 2631 coligit
772 2547 882 2610 redire.
909 2548 978 2632 ipse
996 2547 1029 2609 in
1046 2546 1178 2610 finitima
1195 2547 1323 2630 regione

295 2643 435 2708 Persidis
457 2642 629 2705 hiematum
651 2641 758 2726 copias
781 2640 899 2717 divisit,
913 2647 991 2704 'non
1012 2649 1048 2703 ut
1069 2640 1181 2716 voluit,
1210 2641 1270 2703 sed
1292 2647 1322 2701 ut

262 2756 278 2803 2
297 2738 431 2801 militum
450 2735 583 2822 cogebat
601 2733 756 2798 voluntas.
783 2755 919 2817 namque
933 2735 987 2798 illa
999 2733 1138 2819 phalanx
1146 2731 1321 2796 Alexandri

295 2830 418 2914 Magni,
438 2851 518 2912 quae
527 2827 640 2892 Asiam
654 2837 836 2916 peragrarat
853 2828 1072 2911 deviceratque
1089 2827 1216 2904 Persas,
1236 2827 1321 2890 inve-

295 2932 395 2987 terata
412 2943 482 2986 cum
501 2923 687 3007 gloriatum
705 2924 799 2987 etiam
816 2923 950 2999 licentia,
973 2944 1037 2986 non
1054 2943 1163 3006 parere
1183 2943 1217 2985 se
1236 2921 1319 2983 duci-

295 3017 369 3094 bus,
399 3016 454 3081 sed
481 3015 634 3102 imperare
657 3017 850 3102 postulabat,
877 3025 913 3080 ut
929 3038 1014 3080 nunc
1036 3015 1176 3079 veterani
1202 3014 1318 3077 iaciunt

295 3112 404 3177 nostri.
433 3112 537 3196 itaque
551 3112 726 3198 periculum
740 3120 797 3190 est,
816 3133 856 3175 ne
865 3111 992 3188 faciant,
1012 3110 1097 3194 quod
1110 3109 1155 3174 illi
1169 3109 1316 3182 fecerunt,

297 3230 355 3271 sua
372 3207 611 3291 intemperantia
623 3206 781 3289 nimiaque
799 3205 924 3270 licentia
938 3215 972 3268 ut
986 3204 1091 3268 omnia
1107 3203 1246 3288 perdant,
1265 3223 1318 3263 ne-

296 3321 357 3383 que
375 3301 479 3364 minus
494 3321 558 3375 eos,
578 3322 650 3362 eum
664 3299 778 3381 quibus
798 3299 947 3372 steterint,
967 3319 1062 3378 quam
1077 3297 1223 3360 adversus
1237 3315 1317 3376 quos

262 3394 435 3457 afecerint.
468 3391 553 3475 quod
580 3392 607 3454 si
633 3392 703 3476 quis
726 3391 849 3453 illorum
872 3400 1090 3454 veteranorum
1116 3391 1201 3476 legat
1226 3387 1316 3462 facta,

295 3485 384 3566 paria
400 3485 511 3548 horum
531 3493 701 3570 cognoscat
718 3504 820 3566 neque
842 3503 909 3546 rem
936 3482 1033 3547 ullam
1051 3485 1113 3549 nisi
1130 3493 1255 3568 tempus
1273 3481 1316 3544 in·
1347 3491 1348 3552 t

295 3584 414 3638 teresse
431 3576 557 3640 iudicet.
586 3577 642 3640 sed
660 3577 701 3642 ad
718 3577 788 3640 illos
802 3585 948 3640 revertar.
975 3576 1107 3642 hiberna
1121 3581 1316 3663 sumpserant
1347 3575 1348 3594 ¹

295 3691 359 3733 non
381 3669 422 3733 ad
439 3687 532 3732 usum
554 3669 642 3748 belli,
667 3670 724 3735 sed
741 3671 782 3734 ad
803 3671 944 3757 ipsorum
965 3671 1135 3750 luxuriam,
1163 3673 1316 3757 longeque

260 3781 277 3829 4
295 3764 375 3829 inter
393 3785 427 3828 se
446 3763 663 3829 discesserant.
691 3764 752 3828 hoc
760 3763 942 3852 Antigonus
961 3788 1033 3830 cum
1051 3767 1256 3852 comperisset
1273 3764 1316 3827 in·

296 3859 511 3945 telligeretque
526 3881 559 3924 se
577 3881 686 3944 parem
699 3881 762 3923 non
776 3881 846 3925 esse
863 3861 980 3945 paratis
995 3861 1191 3938 adversariis,
1213 3857 1315 3925 statuit

295 3955 413 4036 aliquid
432 3953 492 4018 sibi
509 3953 631 4018 consilii
648 3953 721 4018 novi
736 3972 805 4020 esse
819 3955 1015 4039 capiendum.
1043 3955 1123 4020 duae
1137 3964 1225 4019 erant
1239 3954 1313 4026 viae,

294 4065 358 4130 qua
376 4067 415 4110 ex
427 4047 544 4128 Medis,
562 4046 618 4114 ubi
634 4047 686 4116 ille
703 4047 871 4128 hiemabat,
890 4049 931 4114 ad
949 4049 1199 4116 adversariorum
1216 4047 1315 4112 hiber-
