2758 4726
303 249 346 314 90
633 253 818 313 CORNELII
830 253 993 312 Nurouls

304 373 427 449 salutis,
452 369 508 436 sed
531 370 735 448 coniunctim,
758 378 794 434 ut
815 378 990 454 appareret,
1013 368 1132 434 nullam
1155 371 1319 438 seiunctam

269 493 285 540 a
305 466 366 532 sibi
383 465 423 530 ab
442 487 480 530 eo
498 464 579 529 velle
601 463 768 528 fortunam.
801 464 887 546 quod
905 463 933 527 si
949 463 1139 549 gubernator
1160 466 1321 551 praecipua

301 561 395 626 laude
413 559 520 637 fertur,
539 558 595 641 qui
611 576 724 622 navem
742 579 782 622 ex
798 557 902 622 hieme
920 557 1058 639 marique
1077 557 1247 642 scopuloso
1265 581 1321 624 ser·

302 664 365 732 vat,
385 676 442 718 cur
457 675 520 720 non
539 652 705 738 singularis
724 651 792 716 eius
810 651 1005 716 existimetur
1021 651 1197 736 prudentia,
1217 654 1321 737 quiex

302 759 349 815 tot
370 757 497 831 tamque
518 745 668 832 gravibus
691 745 836 830 procellis
855 745 999 810 civilibus
1018 746 1060 809 ad
1080 745 1321 812 incolumitatem

302 841 462 932 pervenit?

270 961 284 1007 1
354 935 417 1001 XI.
451 933 576 1017 Quibus
599 955 640 998 ex
660 933 752 998 malis
774 941 810 997 ut
832 955 866 1000 se
889 933 1030 1011 emersit,
1057 933 1135 998 nihil
1155 935 1248 1000 aliud
1269 934 1322 1022 egit

303 1053 398 1117 quam
411 1039 447 1094 ut
458 1027 612 1114 plurimis,
631 1026 746 1111 quibus
759 1026 854 1094 rebus
871 1036 989 1113 posset,
1008 1037 1092 1095 esset
1105 1029 1235 1094 auxilio.
1260 1052 1323 1094 cum

302 1124 494 1210 proscriptos
529 1122 677 1207 praemiis
711 1121 935 1208 imperatorum
969 1122 1085 1208 vulgus
1120 1125 1323 1207 conquireret,
1348 1143 1349 1216 q

302 1239 395 1282 nemo
417 1217 452 1281 in
468 1215 604 1302 Epirum
620 1215 721 1294 venit,
740 1217 791 1282 cui
807 1238 858 1282 res
876 1216 1107 1295 ulla-defuerit3
1129 1219 1250 1284 nemini
1267 1241 1325 1282 non
1348 1237 1349 1268 1

267 1311 346 1382 ribi
367 1319 519 1396 perpetuo
540 1310 688 1376 manendi
709 1319 849 1396 potestas
871 1311 956 1376 sacta
978 1319 1040 1376 est:
1068 1311 1122 1394 qui
1140 1313 1234 1378 etiam
1254 1321 1327 1397 post

301 1406 457 1492 proelium
472 1403 678 1490 Philippense
699 1405 920 1489 interitumque
939 1404 977 1471 O.
998 1404 1104 1472 Cassii
1121 1416 1152 1472 et
1169 1406 1219 1472 M.
1237 1406 1325 1470 Bruti

301 1501 343 1565 L.
362 1501 480 1564 Iulium
497 1499 659 1564 Mocillam
675 1501 866 1584 praetorium
889 1509 920 1564 et
941 1499 1041 1565 tilium
1062 1499 1130 1566 eius
1143 1499 1325 1583 Aulumque

232 1661 234 1668 ,
303 1595 498 1678 Torquatum
520 1601 702 1675 ceterosque
723 1595 793 1677 pari
819 1595 945 1659 fortuna
975 1594 1137 1680 perculsos
1159 1594 1327 1660 instituerit

301 1689 382 1751 tueri
399 1697 492 1770 atque
511 1707 550 1750 ex
567 1684 667 1769 Epiro
688 1685 738 1748 his
757 1687 863 1750 omnia
881 1685 1131 1764 Samothraciam
1150 1687 1326 1774 supportari

301 1781 436 1846 iusserit.
472 1777 599 1842 difficile
626 1787 674 1842 est
696 1779 801 1842 omnia
824 1781 973 1862 persequi
995 1791 1026 1844 et
1051 1804 1115 1844 non
1139 1782 1327 1848 necessaria

267 1874 379 1940 aillud
404 1893 503 1933 unum
528 1869 661 1953 intelligi
682 1869 842 1945 volumus,
869 1870 952 1934 illius
979 1871 1197 1938 liberalitatem
1225 1895 1330 1958 neque

265 1987 283 2030 4
301 1960 521 2045 temporariam
542 1981 645 2042 neque
668 1959 813 2024 callidam
830 1960 939 2026 fuisse.
971 1963 1004 2026 id
1022 1984 1062 2026 ex
1078 1963 1156 2046 ipsis
1173 1965 1281 2032 rebus
1303 1988 1332 2032 ac

300 2052 493 2139 temporibus
515 2053 647 2118 iudicari
667 2061 785 2138 potest,
808 2054 893 2137 quod
910 2077 976 2120 non
996 2054 1178 2121 florentibus
1197 2079 1234 2120 se
1255 2081 1333 2124 ven·

300 2149 424 2226 ditavit,
449 2149 507 2214 sed
524 2147 649 2214 afflictis
672 2171 795 2233 semper
813 2149 979 2227 succurrit3
1002 2149 1202 2233 quiquidem
1222 2147 1331 2218 Servi·

201 2265 203 2276 ¹
299 2245 389 2322 liam,
408 2243 500 2308 Bruti
518 2251 664 2320 matrem,
686 2264 751 2306 non
772 2241 876 2308 minus
897 2252 1123 2326 postmortem
1146 2243 1214 2308 eius
1234 2267 1328 2328 quam

167 2331 172 2338 ¹
267 2339 430 2408 oflorente
452 2337 592 2402 coluerit.
625 2337 671 2401 sie
696 2335 882 2402 liberalitate
907 2345 1000 2401 utens
1022 2337 1125 2402 nuhaa
1147 2337 1325 2404 inimicitias

300 2432 412 2516 gessit,
440 2431 526 2512 quod
543 2452 646 2512 neque
663 2430 809 2496 laedebat
826 2452 1030 2513 quemquam,
1053 2453 1166 2516 neque,
1186 2433 1215 2498 si
1234 2455 1325 2516 quam

221 2577 224 2580 .
299 2523 445 2588 iniuriam
471 2532 648 2608 acceperat,
675 2545 739 2588 non
760 2523 898 2588 malebat
918 2523 1063 2590 oblivisci
1085 2547 1181 2608 quam
1207 2526 1323 2592 ulcisci.

298 2617 383 2682 idem
395 2617 564 2682 immortali
572 2617 724 2680 memoria
735 2625 884 2702 percepta
891 2617 1045 2684 retinebat
1057 2618 1229 2697 benefieia3
1249 2641 1322 2703 quae

300 2722 406 2778 autem
423 2712 492 2798 ipse
510 2710 681 2788 tribuerat,¹
692 2719 757 2776 tam
774 2712 829 2776 diu
845 2711 1043 2792 meminerat,
1062 2714 1168 2797 quoad
1185 2714 1241 2780 ille
1258 2737 1322 2800 gra·

264 2816 351 2876 ctus
375 2817 455 2883 erat,
478 2806 532 2889 qui
555 2815 726 2890 acceperat.
759 2805 865 2890 itaque
882 2806 934 2870 bic
952 2807 1041 2884 feeit,
1064 2817 1100 2872 ut
1117 2830 1190 2874 vere
1209 2809 1321 2872 dictum

299 2899 456 2964 videatur:
483 2903 531 2964 sui
557 2903 668 2985 quique
693 2922 789 2966 mores
807 2901 935 2988 fiapuat
953 2902 1116 2988 fortunam
1143 2902 1318 2968 bominibus.

299 3015 401 3076 neque
420 3002 526 3056 tamen
543 2993 630 3077 prius
648 2994 700 3058 ille
720 2993 879 3060 fortunam
897 3017 993 3078 quam
1010 3019 1045 3062 se
1062 2997 1131 3082 ipse
1149 2997 1256 3074 finxit,
1274 2992 1319 3078 qui

300 3087 392 3166 cavit,
412 3109 452 3152 ne
470 3109 533 3172 qua
549 3087 583 3152 in
599 3110 633 3154 re
652 3088 719 3152 iure
737 3087 931 3174 plecteretur.

267 3205 280 3250 1
350 3183 433 3248 XII.
460 3183 523 3248 His
537 3184 632 3268 igitur
645 3183 739 3250 rebus
753 3183 866 3263 effecit,
885 3194 921 3249 ut
929 3184 976 3249 M.
987 3183 1160 3270 Vipsanius
1170 3185 1318 3272 Agrippa,
1348 3177 1349 3238 l

298 3277 408 3342 intima
429 3276 640 3342 familiaritate
663 3278 848 3342 coniunctus
872 3279 1065 3344 adolescenti
1084 3279 1225 3356 Caesari,
1248 3301 1319 3342 cum
1348 3311 1349 3330 κ

298 3379 425 3455 propter
448 3391 539 3434 suam
561 3370 695 3454 gratiam
713 3380 744 3434 et
763 3370 909 3435 Caesaris
927 3373 1100 3455 potentiam
1116 3374 1232 3440 nullius
1250 3394 1318 3436 eon-

298 3463 424 3525 ditionis
438 3484 503 3526 non
519 3461 649 3526 haberet
665 3471 862 3546 potestatem,
880 3463 1079 3546 potissimum
1093 3469 1160 3534 eius
1175 3465 1318 3552 deligeret

298 3553 484 3618 affinitatem
505 3564 764 3640 praeoptaretque
786 3555 899 3640 equitis
917 3557 1053 3626 Romani
1075 3563 1172 3628 liliam
1194 3581 1317 3650 genero
1348 3581 1349 3584 ’

263 3667 405 3716 asarum
429 3649 557 3735 nuptiis.
597 3657 690 3732 atque
715 3649 828 3714 harum
853 3652 1032 3736 nuptiarum
1058 3658 1241 3724 conciliator
1264 3654 1316 3720 suit
1348 3689 1349 3692 κ

298 3739 376 3825 (non
398 3750 447 3806 est
469 3741 552 3806 enim
575 3742 754 3829 celandum)
776 3742 824 3808 M.
843 3743 1015 3827 Antonius,
1038 3751 1183 3818 triumvir
1197 3752 1245 3816 rei
1266 3771 1317 3836 pu·
1348 3707 1349 3770 l

297 3835 407 3914 blicae,
427 3836 515 3902 cuius
533 3836 634 3923 gratia
651 3859 723 3902 cum
741 3861 856 3925 augere
878 3845 1092 3926 possessiones
1110 3857 1220 3932 posset
1239 3866 1315 3920 suas,

297 3936 419 3996 tantum
437 3931 517 3996 afuit
534 3955 553 3996 a
570 3931 738 4017 cupiditate
754 3935 916 4018 pecuniae,
934 3948 969 4000 ut
986 3939 1071 4004 nulla
1087 3942 1121 4006 in
1136 3963 1171 4006 re
1185 3963 1264 4005 usus
1282 3938 1315 4002 sit

297 4040 336 4087 ea
353 4025 415 4090 nisi
432 4025 465 4090 in
482 4026 688 4112 deprecandis
707 4028 879 4096 amicorum
896 4041 950 4098 aut
966 4034 1112 4118 periculis
1130 4040 1185 4102 'aut
1203 4036 1313 4100 incom-
