<?xml version="1.0" encoding="UTF-8"?>
<!DOCTYPE html PUBLIC "-//W3C//DTD XHTML 1.0 Transitional//EN"
    "http://www.w3.org/TR/xhtml1/DTD/xhtml1-transitional.dtd">
<html xmlns="http://www.w3.org/1999/xhtml" xml:lang="en" lang="en">
 <head>
  <title>
</title>
<meta http-equiv="Content-Type" content="text/html;charset=utf-8" />
  <meta name='ocr-system' content='tesseract 3.04.00' />
  <meta name='ocr-capabilities' content='ocr_page ocr_carea ocr_par ocr_line ocrx_word'/>
</head>
<body>
  <div class='ocr_page' id='page_1' title='image "./corneliinepotis22nepogoog_0081.png"; bbox 0 0 2758 4726; ppageno 0'>
   <div class='ocr_carea' id='block_1_1' title="bbox 285 247 977 345">
    <p class='ocr_par' dir='ltr' id='par_1_1' title="bbox 285 247 977 345">
     <span class='ocr_line' id='line_1_1' title="bbox 285 247 977 345; baseline -0.004 -1"><span class='ocrx_word' id='word_1_1' title='bbox 285 279 327 345; x_wconf 83' lang='lat'>58</span> <span class='ocrx_word' id='word_1_2' title='bbox 616 247 800 340; x_wconf 83' lang='lat' dir='ltr'>conuunu</span> <span class='ocrx_word' id='word_1_3' title='bbox 813 281 977 341; x_wconf 78' lang='lat' dir='ltr'>narona</span> 
     </span>
    </p>
   </div>
   <div class='ocr_carea' id='block_1_2' title="bbox 158 399 1340 1918">
    <p class='ocr_par' dir='ltr' id='par_1_2' title="bbox 158 399 1340 1900">
     <span class='ocr_line' id='line_1_2' title="bbox 204 399 1340 488; baseline 0 -16"><span class='ocrx_word' id='word_1_4' title='bbox 204 407 205 410; x_wconf 64' lang='grc'>’</span> <span class='ocrx_word' id='word_1_5' title='bbox 285 405 531 488; x_wconf 81' lang='lat' dir='ltr'>Hellespontum</span> <span class='ocrx_word' id='word_1_6' title='bbox 548 401 656 486; x_wconf 89' lang='lat' dir='ltr'>copias</span> <span class='ocrx_word' id='word_1_7' title='bbox 675 399 796 464; x_wconf 88' lang='lat' dir='ltr'>traiecit</span> <span class='ocrx_word' id='word_1_8' title='bbox 817 409 966 484; x_wconf 86' lang='lat' dir='ltr'>tantaque</span> <span class='ocrx_word' id='word_1_9' title='bbox 983 423 1062 468; x_wconf 85' lang='lat' dir='ltr'>usus</span> <span class='ocrx_word' id='word_1_10' title='bbox 1081 411 1129 468; x_wconf 90' lang='lat' dir='ltr'>est</span> <span class='ocrx_word' id='word_1_11' title='bbox 1147 402 1305 486; x_wconf 87' lang='lat' dir='ltr'>celeritate,</span> <span class='ocrx_word' id='word_1_12' title='bbox 1339 407 1340 418; x_wconf 61' lang='lat'>‘</span> 
     </span>
     <span class='ocr_line' id='line_1_3' title="bbox 283 495 1309 582; baseline 0.001 -18"><span class='ocrx_word' id='word_1_13' title='bbox 283 511 331 577; x_wconf 92' lang='lat' dir='ltr'>ut,</span> <span class='ocrx_word' id='word_1_14' title='bbox 350 499 436 582; x_wconf 93' lang='lat' dir='ltr'>quod</span> <span class='ocrx_word' id='word_1_15' title='bbox 453 498 512 560; x_wconf 88' lang='lat' dir='ltr'>iter</span> <span class='ocrx_word' id='word_1_16' title='bbox 529 495 657 559; x_wconf 83' lang='lat' dir='ltr'>Xerxes</span> <span class='ocrx_word' id='word_1_17' title='bbox 676 515 757 558; x_wconf 91' lang='lat' dir='ltr'>anno</span> <span class='ocrx_word' id='word_1_18' title='bbox 776 501 916 558; x_wconf 87' lang='lat' dir='ltr'>vertente</span> <span class='ocrx_word' id='word_1_19' title='bbox 935 495 1125 574; x_wconf 81' lang='lat' dir='ltr'>confecerat,</span> <span class='ocrx_word' id='word_1_20' title='bbox 1144 498 1196 563; x_wconf 89' lang='lat' dir='ltr'>hic</span> <span class='ocrx_word' id='word_1_21' title='bbox 1214 508 1309 566; x_wconf 83' lang='lat' dir='ltr'>traus-</span> 
     </span>
     <span class='ocr_line' id='line_1_4' title="bbox 250 587 1340 676; baseline 0.001 -18"><span class='ocrx_word' id='word_1_22' title='bbox 250 594 354 664; x_wconf 74' lang='lat' dir='ltr'>aierit</span> <span class='ocrx_word' id='word_1_23' title='bbox 377 592 504 676; x_wconf 87' lang='lat' dir='ltr'>triginta</span> <span class='ocrx_word' id='word_1_24' title='bbox 526 588 647 654; x_wconf 91' lang='lat' dir='ltr'>diebus.</span> <span class='ocrx_word' id='word_1_25' title='bbox 680 609 752 652; x_wconf 91' lang='lat' dir='ltr'>cum</span> <span class='ocrx_word' id='word_1_26' title='bbox 774 587 838 652; x_wconf 90' lang='lat' dir='ltr'>iam</span> <span class='ocrx_word' id='word_1_27' title='bbox 860 588 947 652; x_wconf 91' lang='lat' dir='ltr'>haud</span> <span class='ocrx_word' id='word_1_28' title='bbox 968 590 1013 654; x_wconf 91' lang='lat' dir='ltr'>ita</span> <span class='ocrx_word' id='word_1_29' title='bbox 1035 591 1128 676; x_wconf 88' lang='lat' dir='ltr'>longe</span> <span class='ocrx_word' id='word_1_30' title='bbox 1151 591 1307 659; x_wconf 86' lang='lat' dir='ltr'>abesseta</span> <span class='ocrx_word' id='word_1_31' title='bbox 1339 617 1340 620; x_wconf 45' lang='lat'>¹</span> 
     </span>
     <span class='ocr_line' id='line_1_5' title="bbox 284 683 1308 770; baseline -0.001 -19"><span class='ocrx_word' id='word_1_32' title='bbox 284 687 519 770; x_wconf 83' lang='lat' dir='ltr'>Peloponneso,</span> <span class='ocrx_word' id='word_1_33' title='bbox 551 683 704 748; x_wconf 88' lang='lat' dir='ltr'>obsistere</span> <span class='ocrx_word' id='word_1_34' title='bbox 735 683 764 746; x_wconf 86' lang='lat' dir='ltr'>ei</span> <span class='ocrx_word' id='word_1_35' title='bbox 796 683 900 746; x_wconf 87' lang='lat' dir='ltr'>eonati</span> <span class='ocrx_word' id='word_1_36' title='bbox 933 693 1006 748; x_wconf 87' lang='lat' dir='ltr'>sunt</span> <span class='ocrx_word' id='word_1_37' title='bbox 1037 683 1254 751; x_wconf 85' lang='lat' dir='ltr'>Athenienses</span> <span class='ocrx_word' id='word_1_38' title='bbox 1283 697 1308 752; x_wconf 88' lang='lat' dir='ltr'>et</span> 
     </span>
     <span class='ocr_line' id='line_1_6' title="bbox 284 775 1340 862; baseline 0.002 -16"><span class='ocrx_word' id='word_1_39' title='bbox 284 780 398 846; x_wconf 87' lang='lat' dir='ltr'>Boeoti</span> <span class='ocrx_word' id='word_1_40' title='bbox 415 779 570 862; x_wconf 87' lang='lat' dir='ltr'>ceterique</span> <span class='ocrx_word' id='word_1_41' title='bbox 585 799 693 842; x_wconf 90' lang='lat' dir='ltr'>eorum</span> <span class='ocrx_word' id='word_1_42' title='bbox 707 777 785 841; x_wconf 91' lang='lat' dir='ltr'>socii</span> <span class='ocrx_word' id='word_1_43' title='bbox 803 777 888 861; x_wconf 89' lang='lat' dir='ltr'>apud</span> <span class='ocrx_word' id='word_1_44' title='bbox 898 775 1089 844; x_wconf 80' lang='lat' dir='ltr'>Coroneam:</span> <span class='ocrx_word' id='word_1_45' title='bbox 1108 801 1187 862; x_wconf 91' lang='lat' dir='ltr'>quos</span> <span class='ocrx_word' id='word_1_46' title='bbox 1202 803 1307 846; x_wconf 91' lang='lat' dir='ltr'>omnes</span> <span class='ocrx_word' id='word_1_47' title='bbox 1339 839 1340 848; x_wconf 73' lang='grc'>,</span> 
     </span>
     <span class='ocr_line' id='line_1_7' title="bbox 158 870 1307 962; baseline 0 -22"><span class='ocrx_word' id='word_1_48' title='bbox 158 889 165 903; x_wconf 73' lang='grc'><strong>“</strong></span> <span class='ocrx_word' id='word_1_49' title='bbox 250 897 267 944; x_wconf 85' lang='lat' dir='ltr'>c</span> <span class='ocrx_word' id='word_1_50' title='bbox 285 875 375 962; x_wconf 84' lang='lat' dir='ltr'>gravi</span> <span class='ocrx_word' id='word_1_51' title='bbox 396 871 514 958; x_wconf 91' lang='lat' dir='ltr'>proelio</span> <span class='ocrx_word' id='word_1_52' title='bbox 532 870 616 934; x_wconf 89' lang='lat' dir='ltr'>vicit.</span> <span class='ocrx_word' id='word_1_53' title='bbox 647 870 740 934; x_wconf 92' lang='lat' dir='ltr'>huius</span> <span class='ocrx_word' id='word_1_54' title='bbox 759 870 907 936; x_wconf 87' lang='lat' dir='ltr'>victoriae</span> <span class='ocrx_word' id='word_1_55' title='bbox 925 872 976 937; x_wconf 86' lang='lat' dir='ltr'>vel</span> <span class='ocrx_word' id='word_1_56' title='bbox 995 875 1132 938; x_wconf 90' lang='lat' dir='ltr'>maxima</span> <span class='ocrx_word' id='word_1_57' title='bbox 1153 874 1214 938; x_wconf 86' lang='lat' dir='ltr'>fuit</span> <span class='ocrx_word' id='word_1_58' title='bbox 1232 875 1307 954; x_wconf 84' lang='lat' dir='ltr'>laus,</span> 
     </span>
     <span class='ocr_line' id='line_1_8' title="bbox 285 963 1340 1053; baseline 0 -19"><span class='ocrx_word' id='word_1_59' title='bbox 285 968 379 1053; x_wconf 90' lang='lat' dir='ltr'>quod,</span> <span class='ocrx_word' id='word_1_60' title='bbox 399 989 470 1032; x_wconf 90' lang='lat' dir='ltr'>cum</span> <span class='ocrx_word' id='word_1_61' title='bbox 487 964 628 1051; x_wconf 86' lang='lat' dir='ltr'>plerique</span> <span class='ocrx_word' id='word_1_62' title='bbox 643 986 682 1028; x_wconf 86' lang='lat' dir='ltr'>ex</span> <span class='ocrx_word' id='word_1_63' title='bbox 700 963 778 1050; x_wconf 86' lang='lat' dir='ltr'>fuga</span> <span class='ocrx_word' id='word_1_64' title='bbox 796 987 830 1029; x_wconf 88' lang='lat' dir='ltr'>se</span> <span class='ocrx_word' id='word_1_65' title='bbox 848 965 882 1029; x_wconf 93' lang='lat' dir='ltr'>in</span> <span class='ocrx_word' id='word_1_66' title='bbox 900 966 1051 1050; x_wconf 92' lang='lat' dir='ltr'>templum</span> <span class='ocrx_word' id='word_1_67' title='bbox 1059 966 1226 1033; x_wconf 89' lang='lat' dir='ltr'>Minervae</span> <span class='ocrx_word' id='word_1_68' title='bbox 1242 993 1309 1036; x_wconf 90' lang='lat' dir='ltr'>eon·</span> <span class='ocrx_word' id='word_1_69' title='bbox 1339 1037 1340 1046; x_wconf 51' lang='grc'>,</span> 
     </span>
     <span class='ocr_line' id='line_1_9' title="bbox 284 1057 1309 1142; baseline 0 -15"><span class='ocrx_word' id='word_1_70' title='bbox 284 1063 440 1138; x_wconf 87' lang='lat' dir='ltr'>iecissent,</span> <span class='ocrx_word' id='word_1_71' title='bbox 459 1065 721 1142; x_wconf 80' lang='lat' dir='ltr'>quaerereturque</span> <span class='ocrx_word' id='word_1_72' title='bbox 740 1057 780 1122; x_wconf 90' lang='lat' dir='ltr'>ab</span> <span class='ocrx_word' id='word_1_73' title='bbox 799 1081 850 1136; x_wconf 91' lang='lat' dir='ltr'>eo,</span> <span class='ocrx_word' id='word_1_74' title='bbox 870 1060 947 1142; x_wconf 93' lang='lat' dir='ltr'>quid</span> <span class='ocrx_word' id='word_1_75' title='bbox 963 1060 1013 1125; x_wconf 91' lang='lat' dir='ltr'>his</span> <span class='ocrx_word' id='word_1_76' title='bbox 1031 1061 1126 1126; x_wconf 88' lang='lat' dir='ltr'>vellet</span> <span class='ocrx_word' id='word_1_77' title='bbox 1143 1061 1226 1141; x_wconf 89' lang='lat' dir='ltr'>fieri,</span> <span class='ocrx_word' id='word_1_78' title='bbox 1258 1064 1309 1129; x_wconf 89' lang='lat' dir='ltr'>etsi</span> 
     </span>
     <span class='ocr_line' id='line_1_10' title="bbox 285 1153 1340 1238; baseline -0.003 -19"><span class='ocrx_word' id='word_1_79' title='bbox 285 1157 403 1238; x_wconf 82' lang='lat' dir='ltr'>aliquot</span> <span class='ocrx_word' id='word_1_80' title='bbox 424 1153 555 1217; x_wconf 85' lang='lat' dir='ltr'>vulnera</span> <span class='ocrx_word' id='word_1_81' title='bbox 576 1160 740 1237; x_wconf 85' lang='lat' dir='ltr'>acceperat</span> <span class='ocrx_word' id='word_1_82' title='bbox 762 1174 799 1217; x_wconf 92' lang='lat' dir='ltr'>eo</span> <span class='ocrx_word' id='word_1_83' title='bbox 821 1153 939 1237; x_wconf 90' lang='lat' dir='ltr'>proelio</span> <span class='ocrx_word' id='word_1_84' title='bbox 966 1164 998 1218; x_wconf 90' lang='lat' dir='ltr'>et</span> <span class='ocrx_word' id='word_1_85' title='bbox 1019 1155 1117 1220; x_wconf 89' lang='lat' dir='ltr'>iratus</span> <span class='ocrx_word' id='word_1_86' title='bbox 1147 1157 1310 1223; x_wconf 88' lang='lat' dir='ltr'>videbatur</span> <span class='ocrx_word' id='word_1_87' title='bbox 1339 1165 1340 1216; x_wconf 56' lang='lat' dir='ltr'>t</span> 
     </span>
     <span class='ocr_line' id='line_1_11' title="bbox 284 1246 1309 1330; baseline 0.002 -18"><span class='ocrx_word' id='word_1_88' title='bbox 284 1247 440 1324; x_wconf 90' lang='lat' dir='ltr'>omnibus,</span> <span class='ocrx_word' id='word_1_89' title='bbox 459 1247 514 1330; x_wconf 91' lang='lat' dir='ltr'>qui</span> <span class='ocrx_word' id='word_1_90' title='bbox 532 1247 683 1311; x_wconf 87' lang='lat' dir='ltr'>adversus</span> <span class='ocrx_word' id='word_1_91' title='bbox 698 1269 786 1310; x_wconf 90' lang='lat' dir='ltr'>arma</span> <span class='ocrx_word' id='word_1_92' title='bbox 803 1246 948 1325; x_wconf 90' lang='lat' dir='ltr'>tulerant,</span> <span class='ocrx_word' id='word_1_93' title='bbox 967 1257 1073 1313; x_wconf 88' lang='lat' dir='ltr'>tamen</span> <span class='ocrx_word' id='word_1_94' title='bbox 1091 1251 1237 1314; x_wconf 84' lang='lat' dir='ltr'>antetulit</span> <span class='ocrx_word' id='word_1_95' title='bbox 1248 1252 1309 1316; x_wconf 89' lang='lat' dir='ltr'>irae</span> 
     </span>
     <span class='ocr_line' id='line_1_12' title="bbox 252 1340 1309 1428; baseline -0.004 -19"><span class='ocrx_word' id='word_1_96' title='bbox 252 1365 266 1410; x_wconf 81' lang='grc' dir='ltr'>ι</span> <span class='ocrx_word' id='word_1_97' title='bbox 284 1341 466 1428; x_wconf 85' lang='lat' dir='ltr'>religionem</span> <span class='ocrx_word' id='word_1_98' title='bbox 485 1349 515 1404; x_wconf 90' lang='lat' dir='ltr'>et</span> <span class='ocrx_word' id='word_1_99' title='bbox 533 1362 587 1405; x_wconf 89' lang='lat' dir='ltr'>eos</span> <span class='ocrx_word' id='word_1_100' title='bbox 605 1340 705 1424; x_wconf 74' lang='lat' dir='ltr'>vetuit</span> <span class='ocrx_word' id='word_1_101' title='bbox 721 1340 841 1406; x_wconf 85' lang='lat' dir='ltr'>violari.</span> <span class='ocrx_word' id='word_1_102' title='bbox 868 1363 970 1424; x_wconf 85' lang='lat' dir='ltr'>neque</span> <span class='ocrx_word' id='word_1_103' title='bbox 988 1365 1063 1408; x_wconf 89' lang='lat' dir='ltr'>vero</span> <span class='ocrx_word' id='word_1_104' title='bbox 1081 1343 1141 1407; x_wconf 92' lang='lat' dir='ltr'>hoc</span> <span class='ocrx_word' id='word_1_105' title='bbox 1160 1345 1263 1408; x_wconf 90' lang='lat' dir='ltr'>solum</span> <span class='ocrx_word' id='word_1_106' title='bbox 1276 1345 1309 1407; x_wconf 90' lang='lat' dir='ltr'>in</span> 
     </span>
     <span class='ocr_line' id='line_1_13' title="bbox 286 1433 1340 1519; baseline 0.001 -19"><span class='ocrx_word' id='word_1_107' title='bbox 286 1435 421 1501; x_wconf 86' lang='lat' dir='ltr'>Graecia</span> <span class='ocrx_word' id='word_1_108' title='bbox 438 1433 522 1511; x_wconf 90' lang='lat' dir='ltr'>fecit,</span> <span class='ocrx_word' id='word_1_109' title='bbox 541 1443 577 1498; x_wconf 91' lang='grc' dir='ltr'>ιιι</span> <span class='ocrx_word' id='word_1_110' title='bbox 595 1434 711 1519; x_wconf 90' lang='lat' dir='ltr'>templa</span> <span class='ocrx_word' id='word_1_111' title='bbox 725 1435 855 1500; x_wconf 86' lang='lat' dir='ltr'>deorum</span> <span class='ocrx_word' id='word_1_112' title='bbox 869 1445 976 1501; x_wconf 87' lang='lat' dir='ltr'>sancta</span> <span class='ocrx_word' id='word_1_113' title='bbox 990 1436 1128 1513; x_wconf 89' lang='lat' dir='ltr'>haberet,</span> <span class='ocrx_word' id='word_1_114' title='bbox 1148 1439 1310 1503; x_wconf 89' lang='lat' dir='ltr'>sedetiam</span> <span class='ocrx_word' id='word_1_115' title='bbox 1339 1437 1340 1470; x_wconf 54' lang='grc' dir='ltr'>ι</span> 
     </span>
     <span class='ocr_line' id='line_1_14' title="bbox 284 1528 1310 1616; baseline 0.001 -22"><span class='ocrx_word' id='word_1_116' title='bbox 284 1529 369 1616; x_wconf 88' lang='lat' dir='ltr'>apud</span> <span class='ocrx_word' id='word_1_117' title='bbox 386 1528 535 1594; x_wconf 90' lang='lat' dir='ltr'>barbaros</span> <span class='ocrx_word' id='word_1_118' title='bbox 555 1551 679 1594; x_wconf 88' lang='lat' dir='ltr'>summa</span> <span class='ocrx_word' id='word_1_119' title='bbox 700 1529 851 1616; x_wconf 85' lang='lat' dir='ltr'>religione</span> <span class='ocrx_word' id='word_1_120' title='bbox 869 1531 973 1595; x_wconf 91' lang='lat' dir='ltr'>omnia</span> <span class='ocrx_word' id='word_1_121' title='bbox 991 1531 1158 1596; x_wconf 87' lang='lat' dir='ltr'>simulacra</span> <span class='ocrx_word' id='word_1_122' title='bbox 1180 1553 1310 1616; x_wconf 86' lang='lat' dir='ltr'>arasque</span> 
     </span>
     <span class='ocr_line' id='line_1_15' title="bbox 250 1624 1311 1730; baseline -0.001 -40"><span class='ocrx_word' id='word_1_123' title='bbox 250 1643 267 1690; x_wconf 84' lang='lat'><em>8</em></span> <span class='ocrx_word' id='word_1_124' title='bbox 287 1624 494 1689; x_wconf 85' lang='lat' dir='ltr'>conservavit.</span> <span class='ocrx_word' id='word_1_125' title='bbox 521 1624 628 1708; x_wconf 91' lang='lat' dir='ltr'>itaque</span> <span class='ocrx_word' id='word_1_126' title='bbox 646 1625 855 1730; x_wconf 86' lang='lat' dir='ltr'>praedicabat,</span> <span class='ocrx_word' id='word_1_127' title='bbox 882 1625 987 1690; x_wconf 88' lang='lat' dir='ltr'>mirari</span> <span class='ocrx_word' id='word_1_128' title='bbox 1006 1648 1040 1690; x_wconf 90' lang='lat' dir='ltr'>se</span> <span class='ocrx_word' id='word_1_129' title='bbox 1062 1647 1127 1690; x_wconf 88' lang='lat' dir='ltr'>non</span> <span class='ocrx_word' id='word_1_130' title='bbox 1145 1627 1311 1712; x_wconf 84' lang='lat' dir='ltr'>sacrilego·</span> 
     </span>
     <span class='ocr_line' id='line_1_16' title="bbox 283 1717 1311 1798; baseline 0 -16"><span class='ocrx_word' id='word_1_131' title='bbox 283 1741 354 1782; x_wconf 90' lang='lat' dir='ltr'>rum</span> <span class='ocrx_word' id='word_1_132' title='bbox 380 1740 512 1784; x_wconf 88' lang='lat' dir='ltr'>numero</span> <span class='ocrx_word' id='word_1_133' title='bbox 537 1718 659 1796; x_wconf 91' lang='lat' dir='ltr'>haberi,</span> <span class='ocrx_word' id='word_1_134' title='bbox 687 1717 741 1798; x_wconf 89' lang='lat' dir='ltr'>qui</span> <span class='ocrx_word' id='word_1_135' title='bbox 768 1717 961 1798; x_wconf 82' lang='lat' dir='ltr'>supplicibus</span> <span class='ocrx_word' id='word_1_136' title='bbox 985 1741 1094 1784; x_wconf 87' lang='lat' dir='ltr'>eorum</span> <span class='ocrx_word' id='word_1_137' title='bbox 1119 1721 1311 1794; x_wconf 76' lang='lat' dir='ltr'>nocuissent</span> 
     </span>
     <span class='ocr_line' id='line_1_17' title="bbox 285 1808 1314 1918; baseline 0.002 -41"><span class='ocrx_word' id='word_1_138' title='bbox 285 1821 431 1878; x_wconf 87' lang='lat' dir='ltr'>autnon</span> <span class='ocrx_word' id='word_1_139' title='bbox 436 1809 694 1918; x_wconf 82' lang='lat' dir='ltr'>gravioribusp</span> <span class='ocrx_word' id='word_1_140' title='bbox 696 1808 782 1871; x_wconf 90' lang='lat' dir='ltr'>oenis</span> <span class='ocrx_word' id='word_1_141' title='bbox 801 1808 899 1885; x_wconf 87' lang='lat' dir='ltr'>affici,</span> <span class='ocrx_word' id='word_1_142' title='bbox 928 1812 981 1891; x_wconf 90' lang='lat' dir='ltr'>qui</span> <span class='ocrx_word' id='word_1_143' title='bbox 1003 1813 1188 1895; x_wconf 85' lang='lat' dir='ltr'>religionem</span> <span class='ocrx_word' id='word_1_144' title='bbox 1209 1815 1314 1878; x_wconf 91' lang='lat' dir='ltr'>minu-</span> 
     </span>
    </p>
   </div>
   <div class='ocr_carea' id='block_1_3' title="bbox 252 1899 1319 2074">
    <p class='ocr_par' dir='ltr' id='par_1_3' title="bbox 252 1899 1319 2074">
     <span class='ocr_line' id='line_1_18' title="bbox 285 1899 853 1992; baseline -0.018 -20"><span class='ocrx_word' id='word_1_145' title='bbox 285 1916 381 1986; x_wconf 88' lang='lat' dir='ltr'>erent,</span> <span class='ocrx_word' id='word_1_146' title='bbox 401 1931 496 1992; x_wconf 90' lang='lat' dir='ltr'>quam</span> <span class='ocrx_word' id='word_1_147' title='bbox 513 1926 567 1985; x_wconf 92' lang='lat' dir='ltr'>qu1</span> <span class='ocrx_word' id='word_1_148' title='bbox 558 1903 659 1964; x_wconf 87' lang='lat' dir='ltr'>&#39;fana</span> <span class='ocrx_word' id='word_1_149' title='bbox 676 1899 853 1981; x_wconf 79' lang='lat' dir='ltr'>spoliarent</span> 
     </span>
     <span class='ocr_line' id='line_1_19' title="bbox 252 1989 1319 2074; baseline -0.007 -5"><span class='ocrx_word' id='word_1_150' title='bbox 252 2023 265 2068; x_wconf 94' lang='lat'>1</span> <span class='ocrx_word' id='word_1_151' title='bbox 337 2001 378 2066; x_wconf 92' lang='lat' dir='ltr'>V.</span> <span class='ocrx_word' id='word_1_152' title='bbox 405 2000 484 2062; x_wconf 87' lang='lat' dir='ltr'>Post</span> <span class='ocrx_word' id='word_1_153' title='bbox 500 1996 560 2055; x_wconf 91' lang='lat' dir='ltr'>hoe</span> <span class='ocrx_word' id='word_1_154' title='bbox 577 1991 730 2074; x_wconf 91' lang='lat' dir='ltr'>proelium</span> <span class='ocrx_word' id='word_1_155' title='bbox 748 1989 896 2053; x_wconf 90' lang='lat' dir='ltr'>collatum</span> <span class='ocrx_word' id='word_1_156' title='bbox 914 2013 1005 2055; x_wconf 89' lang='lat' dir='ltr'>omne</span> <span class='ocrx_word' id='word_1_157' title='bbox 1024 1992 1141 2057; x_wconf 89' lang='lat' dir='ltr'>bellum</span> <span class='ocrx_word' id='word_1_158' title='bbox 1159 2004 1208 2058; x_wconf 88' lang='lat' dir='ltr'>est</span> <span class='ocrx_word' id='word_1_159' title='bbox 1226 1998 1319 2063; x_wconf 90' lang='lat' dir='ltr'>circa</span> 
     </span>
    </p>
   </div>
   <div class='ocr_carea' id='block_1_4' title="bbox 230 2081 1340 3762">
    <p class='ocr_par' dir='ltr' id='par_1_4' title="bbox 250 2081 1318 2453">
     <span class='ocr_line' id='line_1_20' title="bbox 250 2081 1318 2170; baseline -0.008 -6"><span class='ocrx_word' id='word_1_160' title='bbox 250 2093 468 2164; x_wconf 76' lang='lat' dir='ltr'>aCorinthum</span> <span class='ocrx_word' id='word_1_161' title='bbox 490 2086 622 2166; x_wconf 87' lang='lat' dir='ltr'>ideoque</span> <span class='ocrx_word' id='word_1_162' title='bbox 642 2081 911 2148; x_wconf 88' lang='lat' dir='ltr'>Corinthiumt</span> <span class='ocrx_word' id='word_1_163' title='bbox 863 2093 911 2150; x_wconf 89' lang='lat' dir='ltr'>est</span> <span class='ocrx_word' id='word_1_164' title='bbox 933 2085 1068 2170; x_wconf 90' lang='lat' dir='ltr'>appellat</span> <span class='ocrx_word' id='word_1_165' title='bbox 1069 2109 1133 2150; x_wconf 91' lang='lat' dir='ltr'>um.</span> <span class='ocrx_word' id='word_1_166' title='bbox 1165 2087 1217 2152; x_wconf 92' lang='lat' dir='ltr'>hic</span> <span class='ocrx_word' id='word_1_167' title='bbox 1236 2111 1318 2155; x_wconf 92' lang='lat' dir='ltr'>eum</span> 
     </span>
     <span class='ocr_line' id='line_1_21' title="bbox 285 2176 1318 2266; baseline 0.006 -25"><span class='ocrx_word' id='word_1_168' title='bbox 285 2212 347 2254; x_wconf 72' lang='lat' dir='ltr'>una</span> <span class='ocrx_word' id='word_1_169' title='bbox 366 2199 473 2266; x_wconf 88' lang='lat' dir='ltr'>pugna</span> <span class='ocrx_word' id='word_1_170' title='bbox 496 2177 606 2240; x_wconf 91' lang='lat' dir='ltr'>decem</span> <span class='ocrx_word' id='word_1_171' title='bbox 632 2176 718 2242; x_wconf 91' lang='lat' dir='ltr'>milia</span> <span class='ocrx_word' id='word_1_172' title='bbox 739 2177 820 2242; x_wconf 88' lang='lat' dir='ltr'>host</span> <span class='ocrx_word' id='word_1_173' title='bbox 799 2186 878 2242; x_wconf 91' lang='lat' dir='ltr'>t1um</span> <span class='ocrx_word' id='word_1_174' title='bbox 895 2177 1049 2264; x_wconf 86' lang='lat' dir='ltr'>Agesilao</span> <span class='ocrx_word' id='word_1_175' title='bbox 1071 2180 1153 2246; x_wconf 88' lang='lat' dir='ltr'>duce</span> <span class='ocrx_word' id='word_1_176' title='bbox 1176 2183 1318 2247; x_wconf 89' lang='lat' dir='ltr'>cecidis-</span> 
     </span>
     <span class='ocr_line' id='line_1_22' title="bbox 285 2271 1314 2358; baseline -0.002 -17"><span class='ocrx_word' id='word_1_177' title='bbox 285 2287 361 2351; x_wconf 83' lang='lat' dir='ltr'>sent,</span> <span class='ocrx_word' id='word_1_178' title='bbox 381 2293 482 2355; x_wconf 88' lang='lat' dir='ltr'>eoque</span> <span class='ocrx_word' id='word_1_179' title='bbox 500 2271 585 2338; x_wconf 89' lang='lat' dir='ltr'>facto</span> <span class='ocrx_word' id='word_1_180' title='bbox 604 2293 679 2358; x_wconf 90' lang='lat' dir='ltr'>opes</span> <span class='ocrx_word' id='word_1_181' title='bbox 699 2272 950 2337; x_wconf 89' lang='lat' dir='ltr'>adversariorum</span> <span class='ocrx_word' id='word_1_182' title='bbox 968 2273 1147 2338; x_wconf 86' lang='lat' dir='ltr'>debilitatae</span> <span class='ocrx_word' id='word_1_183' title='bbox 1165 2275 1314 2339; x_wconf 83' lang='lat' dir='ltr'>videren-</span> 
     </span>
     <span class='ocr_line' id='line_1_23' title="bbox 283 2366 1311 2453; baseline 0 -19"><span class='ocrx_word' id='word_1_184' title='bbox 283 2383 345 2444; x_wconf 85' lang='lat' dir='ltr'>tur,</span> <span class='ocrx_word' id='word_1_185' title='bbox 369 2373 491 2430; x_wconf 86' lang='lat' dir='ltr'>tentum</span> <span class='ocrx_word' id='word_1_186' title='bbox 510 2366 589 2430; x_wconf 87' lang='lat' dir='ltr'>afuit</span> <span class='ocrx_word' id='word_1_187' title='bbox 612 2367 652 2431; x_wconf 89' lang='lat' dir='ltr'>ab</span> <span class='ocrx_word' id='word_1_188' title='bbox 674 2367 841 2431; x_wconf 89' lang='lat' dir='ltr'>insolentia</span> <span class='ocrx_word' id='word_1_189' title='bbox 858 2367 990 2453; x_wconf 89' lang='lat' dir='ltr'>gloriae,</span> <span class='ocrx_word' id='word_1_190' title='bbox 1014 2376 1049 2430; x_wconf 92' lang='lat' dir='ltr'>ut</span> <span class='ocrx_word' id='word_1_191' title='bbox 1072 2368 1311 2434; x_wconf 83' lang='lat' dir='ltr'>commiseratus</span> 
     </span>
    </p>

    <p class='ocr_par' dir='ltr' id='par_1_5' title="bbox 230 2457 1340 2734">
     <span class='ocr_line' id='line_1_24' title="bbox 230 2457 1309 2541; baseline 0.001 -16"><span class='ocrx_word' id='word_1_192' title='bbox 230 2485 231 2490; x_wconf 49' lang='lat'>¹</span> <span class='ocrx_word' id='word_1_193' title='bbox 282 2463 322 2526; x_wconf 89' lang='lat' dir='ltr'>sit</span> <span class='ocrx_word' id='word_1_194' title='bbox 343 2458 504 2524; x_wconf 85' lang='lat' dir='ltr'>fortunam</span> <span class='ocrx_word' id='word_1_195' title='bbox 528 2457 695 2536; x_wconf 85' lang='lat' dir='ltr'>Graeciae,</span> <span class='ocrx_word' id='word_1_196' title='bbox 723 2460 810 2541; x_wconf 94' lang='lat' dir='ltr'>quod</span> <span class='ocrx_word' id='word_1_197' title='bbox 836 2469 901 2524; x_wconf 91' lang='lat' dir='ltr'>tam</span> <span class='ocrx_word' id='word_1_198' title='bbox 927 2461 1018 2524; x_wconf 91' lang='lat' dir='ltr'>multi</span> <span class='ocrx_word' id='word_1_199' title='bbox 1040 2483 1060 2525; x_wconf 87' lang='lat' dir='ltr'>a</span> <span class='ocrx_word' id='word_1_200' title='bbox 1082 2483 1117 2525; x_wconf 92' lang='lat' dir='ltr'>se</span> <span class='ocrx_word' id='word_1_201' title='bbox 1138 2461 1214 2525; x_wconf 85' lang='lat' dir='ltr'>victi</span> <span class='ocrx_word' id='word_1_202' title='bbox 1233 2462 1309 2526; x_wconf 89' lang='lat' dir='ltr'>vitio</span> 
     </span>
     <span class='ocr_line' id='line_1_25' title="bbox 281 2552 1308 2636; baseline 0.001 -18"><span class='ocrx_word' id='word_1_203' title='bbox 281 2553 532 2618; x_wconf 83' lang='lat' dir='ltr'>adversariorum</span> <span class='ocrx_word' id='word_1_204' title='bbox 554 2552 779 2617; x_wconf 85' lang='lat' dir='ltr'>concidissent:</span> <span class='ocrx_word' id='word_1_205' title='bbox 805 2575 942 2636; x_wconf 89' lang='lat' dir='ltr'>namque</span> <span class='ocrx_word' id='word_1_206' title='bbox 963 2553 1018 2617; x_wconf 90' lang='lat' dir='ltr'>illa</span> <span class='ocrx_word' id='word_1_207' title='bbox 1043 2555 1260 2635; x_wconf 87' lang='lat' dir='ltr'>multitudine,</span> <span class='ocrx_word' id='word_1_208' title='bbox 1284 2556 1308 2619; x_wconf 89' lang='lat' dir='ltr'>si</span> 
     </span>
     <span class='ocr_line' id='line_1_26' title="bbox 281 2643 1340 2734; baseline -0.001 -20"><span class='ocrx_word' id='word_1_209' title='bbox 281 2671 362 2715; x_wconf 87' lang='lat' dir='ltr'>sana</span> <span class='ocrx_word' id='word_1_210' title='bbox 377 2671 466 2714; x_wconf 89' lang='lat' dir='ltr'>mens</span> <span class='ocrx_word' id='word_1_211' title='bbox 485 2656 582 2724; x_wconf 88' lang='lat' dir='ltr'>esset,</span> <span class='ocrx_word' id='word_1_212' title='bbox 603 2643 755 2712; x_wconf 86' lang='lat' dir='ltr'>Graeciae</span> <span class='ocrx_word' id='word_1_213' title='bbox 779 2647 967 2732; x_wconf 89' lang='lat' dir='ltr'>supplicium</span> <span class='ocrx_word' id='word_1_214' title='bbox 984 2646 1100 2714; x_wconf 89' lang='lat' dir='ltr'>Persas</span> <span class='ocrx_word' id='word_1_215' title='bbox 1119 2649 1195 2713; x_wconf 89' lang='lat' dir='ltr'>dare</span> <span class='ocrx_word' id='word_1_216' title='bbox 1217 2659 1308 2734; x_wconf 89' lang='lat' dir='ltr'>potu·</span> <span class='ocrx_word' id='word_1_217' title='bbox 1339 2705 1340 2720; x_wconf 20' lang='grc' dir='ltr'>ι</span> 
     </span>
    </p>

    <p class='ocr_par' dir='ltr' id='par_1_6' title="bbox 245 2738 1340 2827">
     <span class='ocr_line' id='line_1_27' title="bbox 245 2738 1340 2827; baseline -0.004 -18"><span class='ocrx_word' id='word_1_218' title='bbox 245 2762 263 2808; x_wconf 79' lang='grc' dir='ltr'>ι</span> <span class='ocrx_word' id='word_1_219' title='bbox 281 2743 354 2808; x_wconf 86' lang='lat' dir='ltr'>isse.</span> <span class='ocrx_word' id='word_1_220' title='bbox 382 2743 468 2808; x_wconf 89' lang='lat' dir='ltr'>idem</span> <span class='ocrx_word' id='word_1_221' title='bbox 486 2764 558 2806; x_wconf 91' lang='lat' dir='ltr'>cum</span> <span class='ocrx_word' id='word_1_222' title='bbox 576 2738 772 2806; x_wconf 89' lang='lat' dir='ltr'>adversarios</span> <span class='ocrx_word' id='word_1_223' title='bbox 790 2741 871 2805; x_wconf 89' lang='lat' dir='ltr'>intra</span> <span class='ocrx_word' id='word_1_224' title='bbox 893 2742 1019 2806; x_wconf 88' lang='lat' dir='ltr'>moenia</span> <span class='ocrx_word' id='word_1_225' title='bbox 1040 2742 1248 2827; x_wconf 89' lang='lat' dir='ltr'>compulisset</span> <span class='ocrx_word' id='word_1_226' title='bbox 1269 2753 1305 2819; x_wconf 88' lang='lat' dir='ltr'>et,</span> <span class='ocrx_word' id='word_1_227' title='bbox 1339 2755 1340 2790; x_wconf 71' lang='lat' dir='ltr'>t</span> 
     </span>
    </p>

    <p class='ocr_par' dir='ltr' id='par_1_7' title="bbox 281 2835 1306 2942">
     <span class='ocr_line' id='line_1_28' title="bbox 281 2835 1306 2942; baseline -0.002 -40.889"><span class='ocrx_word' id='word_1_228' title='bbox 281 2835 447 2901; x_wconf 85' lang='lat' dir='ltr'>utCoriut</span> <span class='ocrx_word' id='word_1_229' title='bbox 447 2836 524 2899; x_wconf 92' lang='lat' dir='ltr'>hum</span> <span class='ocrx_word' id='word_1_230' title='bbox 546 2843 756 2942; x_wconf 86' lang='lat' dir='ltr'>oppugnaret</span> <span class='ocrx_word' id='word_1_231' title='bbox 730 2835 870 2899; x_wconf 91' lang='lat' dir='ltr'>tmulti</span> <span class='ocrx_word' id='word_1_232' title='bbox 891 2835 1050 2900; x_wconf 89' lang='lat' dir='ltr'>hortarent</span> <span class='ocrx_word' id='word_1_233' title='bbox 1038 2845 1102 2913; x_wconf 91' lang='lat' dir='ltr'>tur,</span> <span class='ocrx_word' id='word_1_234' title='bbox 1125 2837 1258 2922; x_wconf 88' lang='lat' dir='ltr'>negavit</span> <span class='ocrx_word' id='word_1_235' title='bbox 1277 2836 1306 2900; x_wconf 91' lang='lat' dir='ltr'>id</span> 
     </span>
    </p>

    <p class='ocr_par' dir='ltr' id='par_1_8' title="bbox 280 2928 1340 3486">
     <span class='ocr_line' id='line_1_29' title="bbox 282 2928 1340 3014; baseline -0.001 -19"><span class='ocrx_word' id='word_1_236' title='bbox 282 2951 359 2995; x_wconf 88' lang='lat' dir='ltr'>suae</span> <span class='ocrx_word' id='word_1_237' title='bbox 379 2930 464 2994; x_wconf 84' lang='lat' dir='ltr'>virtu</span> <span class='ocrx_word' id='word_1_238' title='bbox 465 2929 489 2992; x_wconf 88' lang='lat' dir='ltr'>ti</span> <span class='ocrx_word' id='word_1_239' title='bbox 511 2928 691 2993; x_wconf 88' lang='lat' dir='ltr'>convenire.</span> <span class='ocrx_word' id='word_1_240' title='bbox 720 2951 754 2994; x_wconf 89' lang='lat' dir='ltr'>se</span> <span class='ocrx_word' id='word_1_241' title='bbox 776 2929 860 2993; x_wconf 89' lang='lat' dir='ltr'>enim</span> <span class='ocrx_word' id='word_1_242' title='bbox 882 2952 955 2994; x_wconf 89' lang='lat' dir='ltr'>eum</span> <span class='ocrx_word' id='word_1_243' title='bbox 977 2951 1048 2994; x_wconf 87' lang='lat' dir='ltr'>esse</span> <span class='ocrx_word' id='word_1_244' title='bbox 1070 2929 1162 3007; x_wconf 84' lang='lat' dir='ltr'>dixit,</span> <span class='ocrx_word' id='word_1_245' title='bbox 1191 2931 1249 3014; x_wconf 91' lang='lat' dir='ltr'>qui</span> <span class='ocrx_word' id='word_1_246' title='bbox 1268 2928 1340 2993; x_wconf 86' lang='grc' dir='ltr'>ιιι</span> 
     </span>
     <span class='ocr_line' id='line_1_30' title="bbox 283 3023 1304 3110; baseline -0.001 -21"><span class='ocrx_word' id='word_1_247' title='bbox 283 3023 423 3090; x_wconf 85' lang='lat' dir='ltr'>officium</span> <span class='ocrx_word' id='word_1_248' title='bbox 440 3032 572 3110; x_wconf 89' lang='lat' dir='ltr'>peceant</span> <span class='ocrx_word' id='word_1_249' title='bbox 573 3045 607 3088; x_wconf 90' lang='lat' dir='ltr'>es</span> <span class='ocrx_word' id='word_1_250' title='bbox 560 3023 731 3087; x_wconf 90' lang='lat' dir='ltr'>tredire</span> <span class='ocrx_word' id='word_1_251' title='bbox 749 3033 889 3110; x_wconf 81' lang='lat' dir='ltr'>cogeret,</span> <span class='ocrx_word' id='word_1_252' title='bbox 913 3047 976 3090; x_wconf 93' lang='lat' dir='ltr'>non</span> <span class='ocrx_word' id='word_1_253' title='bbox 994 3046 1048 3108; x_wconf 93' lang='lat' dir='ltr'>qu1</span> <span class='ocrx_word' id='word_1_254' title='bbox 1038 3024 1160 3089; x_wconf 88' lang='lat' dir='ltr'>urbes</span> <span class='ocrx_word' id='word_1_255' title='bbox 1178 3024 1304 3089; x_wconf 92' lang='lat' dir='ltr'>nobilis·</span> 
     </span>
     <span class='ocr_line' id='line_1_31' title="bbox 244 3114 1303 3205; baseline -0.003 -20.881"><span class='ocrx_word' id='word_1_256' title='bbox 244 3120 379 3188; x_wconf 72' lang='lat' dir='ltr'>asimas</span> <span class='ocrx_word' id='word_1_257' title='bbox 395 3127 590 3205; x_wconf 86' lang='lat' dir='ltr'>expugnaret</span> <span class='ocrx_word' id='word_1_258' title='bbox 601 3114 763 3184; x_wconf 87' lang='lat' dir='ltr'>Graeciae</span> <span class='ocrx_word' id='word_1_259' title='bbox 785 3117 1082 3202; x_wconf 87' lang='lat' dir='ltr'>„Nams1,“iuquit,</span> <span class='ocrx_word' id='word_1_260' title='bbox 1100 3139 1175 3198; x_wconf 87' lang='lat' dir='ltr'>„eos</span> <span class='ocrx_word' id='word_1_261' title='bbox 1190 3119 1303 3184; x_wconf 87' lang='lat' dir='ltr'>exstin-</span> 
     </span>
     <span class='ocr_line' id='line_1_32' title="bbox 280 3211 1303 3299; baseline -0.004 -21"><span class='ocrx_word' id='word_1_262' title='bbox 280 3235 378 3299; x_wconf 88' lang='lat' dir='ltr'>guere</span> <span class='ocrx_word' id='word_1_263' title='bbox 396 3213 600 3289; x_wconf 83' lang='lat' dir='ltr'>voluerimus,</span> <span class='ocrx_word' id='word_1_264' title='bbox 620 3234 675 3294; x_wconf 87' lang='lat' dir='ltr'>qm</span> <span class='ocrx_word' id='word_1_265' title='bbox 664 3211 857 3276; x_wconf 92' lang='lat' dir='ltr'>nobiscum</span> <span class='ocrx_word' id='word_1_266' title='bbox 874 3211 1196 3288; x_wconf 84' lang='lat' dir='ltr'>adversusbarbaros</span> <span class='ocrx_word' id='word_1_267' title='bbox 1214 3223 1303 3278; x_wconf 87' lang='lat' dir='ltr'>stete·</span> 
     </span>
     <span class='ocr_line' id='line_1_33' title="bbox 280 3297 1297 3390; baseline -0.001 -20"><span class='ocrx_word' id='word_1_268' title='bbox 280 3315 363 3384; x_wconf 88' lang='lat' dir='ltr'>runt,</span> <span class='ocrx_word' id='word_1_269' title='bbox 382 3305 584 3389; x_wconf 89' lang='lat' dir='ltr'>nosmetipsi</span> <span class='ocrx_word' id='word_1_270' title='bbox 601 3327 660 3370; x_wconf 89' lang='lat' dir='ltr'>nos</span> <span class='ocrx_word' id='word_1_271' title='bbox 679 3297 964 3390; x_wconf 82' lang='lat' dir='ltr'>expugnaverimus</span> <span class='ocrx_word' id='word_1_272' title='bbox 982 3305 1044 3369; x_wconf 87' lang='lat' dir='ltr'>illis</span> <span class='ocrx_word' id='word_1_273' title='bbox 1058 3306 1297 3389; x_wconf 87' lang='lat' dir='ltr'>quiescentibus;</span> 
     </span>
     <span class='ocr_line' id='line_1_34' title="bbox 280 3397 1258 3486; baseline 0.004 -24"><span class='ocrx_word' id='word_1_274' title='bbox 280 3421 343 3482; x_wconf 92' lang='lat' dir='ltr'>quo</span> <span class='ocrx_word' id='word_1_275' title='bbox 361 3400 445 3462; x_wconf 89' lang='lat' dir='ltr'>facto</span> <span class='ocrx_word' id='word_1_276' title='bbox 464 3399 532 3461; x_wconf 90' lang='lat' dir='ltr'>sine</span> <span class='ocrx_word' id='word_1_277' title='bbox 549 3398 684 3482; x_wconf 87' lang='lat' dir='ltr'>negotio,</span> <span class='ocrx_word' id='word_1_278' title='bbox 703 3419 776 3461; x_wconf 91' lang='lat' dir='ltr'>cum</span> <span class='ocrx_word' id='word_1_279' title='bbox 794 3397 956 3474; x_wconf 88' lang='lat' dir='ltr'>volueriut,</span> <span class='ocrx_word' id='word_1_280' title='bbox 975 3419 1033 3463; x_wconf 91' lang='lat' dir='ltr'>nos</span> <span class='ocrx_word' id='word_1_281' title='bbox 1052 3402 1258 3486; x_wconf 79' lang='lat' dir='ltr'>oppriment“</span> 
     </span>
    </p>

    <p class='ocr_par' dir='ltr' id='par_1_9' title="bbox 248 3490 1302 3762">
     <span class='ocr_line' id='line_1_35' title="bbox 248 3490 1302 3578; baseline 0.007 -26"><span class='ocrx_word' id='word_1_282' title='bbox 248 3515 261 3561; x_wconf 91' lang='lat'>1</span> <span class='ocrx_word' id='word_1_283' title='bbox 332 3490 391 3553; x_wconf 88' lang='lat' dir='ltr'>VI.</span> <span class='ocrx_word' id='word_1_284' title='bbox 419 3491 548 3554; x_wconf 85' lang='lat' dir='ltr'>Interim</span> <span class='ocrx_word' id='word_1_285' title='bbox 566 3490 679 3554; x_wconf 88' lang='lat' dir='ltr'>accidit</span> <span class='ocrx_word' id='word_1_286' title='bbox 695 3490 750 3568; x_wconf 82' lang='lat' dir='ltr'>illa</span> <span class='ocrx_word' id='word_1_287' title='bbox 767 3490 927 3555; x_wconf 86' lang='lat' dir='ltr'>calamitas</span> <span class='ocrx_word' id='word_1_288' title='bbox 946 3493 1031 3578; x_wconf 88' lang='lat' dir='ltr'>apud</span> <span class='ocrx_word' id='word_1_289' title='bbox 1047 3495 1188 3560; x_wconf 89' lang='lat' dir='ltr'>Leuctra</span> <span class='ocrx_word' id='word_1_290' title='bbox 1204 3497 1302 3560; x_wconf 87' lang='lat' dir='ltr'>Lace·</span> 
     </span>
     <span class='ocr_line' id='line_1_36' title="bbox 280 3583 1301 3675; baseline 0.005 -27"><span class='ocrx_word' id='word_1_291' title='bbox 280 3583 463 3648; x_wconf 90' lang='lat' dir='ltr'>daemoniis.</span> <span class='ocrx_word' id='word_1_292' title='bbox 500 3605 563 3666; x_wconf 92' lang='lat' dir='ltr'>quo</span> <span class='ocrx_word' id='word_1_293' title='bbox 589 3605 629 3647; x_wconf 92' lang='lat' dir='ltr'>ne</span> <span class='ocrx_word' id='word_1_294' title='bbox 655 3584 918 3670; x_wconf 87' lang='lat' dir='ltr'>proficisceretur,</span> <span class='ocrx_word' id='word_1_295' title='bbox 945 3609 1018 3652; x_wconf 91' lang='lat' dir='ltr'>cum</span> <span class='ocrx_word' id='word_1_296' title='bbox 1040 3612 1060 3653; x_wconf 90' lang='grc' dir='ltr'>ι</span> <span class='ocrx_word' id='word_1_297' title='bbox 1080 3591 1240 3675; x_wconf 89' lang='lat' dir='ltr'>plerisque</span> <span class='ocrx_word' id='word_1_298' title='bbox 1266 3587 1301 3653; x_wconf 86' lang='lat' dir='ltr'>ad</span> 
     </span>
     <span class='ocr_line' id='line_1_37' title="bbox 281 3676 1301 3762; baseline 0.005 -19"><span class='ocrx_word' id='word_1_299' title='bbox 281 3676 460 3743; x_wconf 84' lang='lat' dir='ltr'>exeundum</span> <span class='ocrx_word' id='word_1_300' title='bbox 476 3687 682 3762; x_wconf 88' lang='lat' dir='ltr'>premeretur,</span> <span class='ocrx_word' id='word_1_301' title='bbox 707 3687 741 3741; x_wconf 95' lang='lat' dir='ltr'>ut</span> <span class='ocrx_word' id='word_1_302' title='bbox 759 3678 786 3743; x_wconf 88' lang='lat' dir='ltr'>si</span> <span class='ocrx_word' id='word_1_303' title='bbox 803 3679 842 3743; x_wconf 90' lang='lat' dir='ltr'>de</span> <span class='ocrx_word' id='word_1_304' title='bbox 861 3680 948 3746; x_wconf 88' lang='lat' dir='ltr'>exitu</span> <span class='ocrx_word' id='word_1_305' title='bbox 965 3682 1127 3762; x_wconf 89' lang='lat' dir='ltr'>divinaret,</span> <span class='ocrx_word' id='word_1_306' title='bbox 1148 3685 1234 3750; x_wconf 84' lang='lat' dir='ltr'>exire</span> <span class='ocrx_word' id='word_1_307' title='bbox 1250 3706 1301 3749; x_wconf 86' lang='lat' dir='ltr'>no-</span> 
     </span>
    </p>
   </div>
   <div class='ocr_carea' id='block_1_5' title="bbox 245 3770 1340 4145">
    <p class='ocr_par' dir='ltr' id='par_1_10' title="bbox 279 3770 1340 4054">
     <span class='ocr_line' id='line_1_38' title="bbox 279 3770 1300 3863; baseline 0.004 -27"><span class='ocrx_word' id='word_1_308' title='bbox 279 3771 346 3837; x_wconf 87' lang='lat' dir='ltr'>luit.</span> <span class='ocrx_word' id='word_1_309' title='bbox 373 3771 467 3848; x_wconf 89' lang='lat' dir='ltr'>idem,</span> <span class='ocrx_word' id='word_1_310' title='bbox 487 3792 559 3835; x_wconf 91' lang='lat' dir='ltr'>cum</span> <span class='ocrx_word' id='word_1_311' title='bbox 567 3770 806 3856; x_wconf 86' lang='lat' dir='ltr'>Epaminondas</span> <span class='ocrx_word' id='word_1_312' title='bbox 817 3771 964 3860; x_wconf 83' lang='lat' dir='ltr'>Spartam</span> <span class='ocrx_word' id='word_1_313' title='bbox 982 3787 1187 3863; x_wconf 87' lang='lat' dir='ltr'>oppugnaret,</span> <span class='ocrx_word' id='word_1_314' title='bbox 1207 3787 1300 3844; x_wconf 86' lang='lat' dir='ltr'>esset·</span> 
     </span>
     <span class='ocr_line' id='line_1_39' title="bbox 279 3865 1340 3980; baseline 0.006 -51"><span class='ocrx_word' id='word_1_315' title='bbox 279 3885 341 3948; x_wconf 90' lang='lat' dir='ltr'>que</span> <span class='ocrx_word' id='word_1_316' title='bbox 364 3866 431 3931; x_wconf 89' lang='lat' dir='ltr'>sine</span> <span class='ocrx_word' id='word_1_317' title='bbox 448 3866 546 3931; x_wconf 90' lang='lat' dir='ltr'>muris</span> <span class='ocrx_word' id='word_1_318' title='bbox 565 3865 725 3950; x_wconf 88' lang='lat' dir='ltr'>oppidum,</span> <span class='ocrx_word' id='word_1_319' title='bbox 749 3868 843 3934; x_wconf 86' lang='lat' dir='ltr'>talem</span> <span class='ocrx_word' id='word_1_320' title='bbox 862 3892 896 3936; x_wconf 91' lang='lat' dir='ltr'>se</span> <span class='ocrx_word' id='word_1_321' title='bbox 913 3871 1131 3980; x_wconf 79' lang='lat' dir='ltr'>imperatorem</span> <span class='ocrx_word' id='word_1_322' title='bbox 1149 3873 1298 3958; x_wconf 89' lang='lat' dir='ltr'>praebuit,</span> <span class='ocrx_word' id='word_1_323' title='bbox 1339 3901 1340 3960; x_wconf 59' lang='grc' dir='ltr'>ι</span> 
     </span>
     <span class='ocr_line' id='line_1_40' title="bbox 278 3959 1340 4054; baseline 0.007 -31.375"><span class='ocrx_word' id='word_1_324' title='bbox 278 3968 369 4025; x_wconf 91' lang='lat' dir='ltr'>uteo</span> <span class='ocrx_word' id='word_1_325' title='bbox 387 3969 527 4044; x_wconf 87' lang='lat' dir='ltr'>tempore</span> <span class='ocrx_word' id='word_1_326' title='bbox 545 3959 691 4026; x_wconf 89' lang='lat' dir='ltr'>omnibus</span> <span class='ocrx_word' id='word_1_327' title='bbox 710 3965 897 4048; x_wconf 88' lang='lat' dir='ltr'>apparuerit,</span> <span class='ocrx_word' id='word_1_328' title='bbox 917 3966 978 4029; x_wconf 81' lang='lat' dir='ltr'>nisi</span> <span class='ocrx_word' id='word_1_329' title='bbox 968 3965 1046 4029; x_wconf 87' lang='lat' dir='ltr'>ille</span> <span class='ocrx_word' id='word_1_330' title='bbox 1064 3965 1186 4044; x_wconf 86' lang='lat' dir='ltr'>fuisset,</span> <span class='ocrx_word' id='word_1_331' title='bbox 1208 3965 1300 4054; x_wconf 86' lang='lat' dir='ltr'>Spar·</span> <span class='ocrx_word' id='word_1_332' title='bbox 1339 3965 1340 4034; x_wconf 64' lang='lat'>3</span> 
     </span>
    </p>

    <p class='ocr_par' dir='ltr' id='par_1_11' title="bbox 245 4051 1300 4145">
     <span class='ocr_line' id='line_1_41' title="bbox 245 4051 1300 4145; baseline 0.007 -27"><span class='ocrx_word' id='word_1_333' title='bbox 245 4072 260 4118; x_wconf 85' lang='lat'>2</span> <span class='ocrx_word' id='word_1_334' title='bbox 279 4059 344 4118; x_wconf 88' lang='lat' dir='ltr'>tam</span> <span class='ocrx_word' id='word_1_335' title='bbox 360 4051 499 4118; x_wconf 84' lang='lat' dir='ltr'>futuram</span> <span class='ocrx_word' id='word_1_336' title='bbox 521 4054 775 4123; x_wconf 81' lang='lat' dir='ltr'>nonsuisse.1n</span> <span class='ocrx_word' id='word_1_337' title='bbox 797 4079 860 4144; x_wconf 93' lang='lat' dir='ltr'>quo</span> <span class='ocrx_word' id='word_1_338' title='bbox 879 4059 1006 4145; x_wconf 89' lang='lat' dir='ltr'>quidem</span> <span class='ocrx_word' id='word_1_339' title='bbox 1023 4059 1202 4127; x_wconf 84' lang='lat' dir='ltr'>discrimine</span> <span class='ocrx_word' id='word_1_340' title='bbox 1224 4061 1300 4127; x_wconf 82' lang='lat' dir='ltr'>cele-</span> 
     </span>
    </p>
   </div>
   <div class='ocr_carea' id='block_1_6' title="bbox 0 0 1390 4726">
    <p class='ocr_par' dir='ltr' id='par_1_12' title="bbox 0 0 1390 4726">
     <span class='ocr_line' id='line_1_42' title="bbox 0 0 1390 4726; baseline 0 0"><span class='ocrx_word' id='word_1_341' title='bbox 0 0 1390 4726; x_wconf 95' lang='lat' dir='ltr'> </span> 
     </span>
    </p>
   </div>
  </div>
 </body>
</html>
