2732 4722
304 263 348 328 30
641 267 827 326 CORNELII
840 269 1003 326 NEPOTIS

271 409 284 456 1
354 385 417 452 111.
443 383 616 450 Defecerat
632 405 652 448 a
667 405 744 470 rege
762 382 1000 469 Tissaphernes,
1019 405 1122 469 neque
1138 385 1172 450 id
1190 394 1260 452 tam
1278 388 1345 456 Ar-

302 480 426 548 taxerxi
446 501 543 564 quam
565 478 676 544 ceteris
695 469 761 542 arai
782 488 934 563 apertum.
961 479 1067 543 multis
1090 481 1174 544 enim
1196 487 1343 568 magnis.

302 597 364 659 que
377 573 496 650 meritis
511 572 596 658 apud
612 593 729 657 regem,
749 571 843 636 etiam
856 594 929 636 cum
941 573 975 636 in
988 573 1093 638 officio
1106 597 1171 638 non
1183 593 1341 656 maneret,

301 667 438 734 valebat.
465 687 567 750 nequo
584 665 619 730 id
635 664 826 741 mirandum,
846 665 875 730 si
892 687 956 730 non
973 666 1067 731 facile
1084 667 1126 731 ad
1143 668 1341 736 credendum

303 761 532 837 adducebatur,
556 759 773 836 reminiscens,
797 760 864 825 eius
888 781 922 824 se
943 783 1039 844 opera
1061 760 1183 846 Cyrum
1204 763 1340 832 fratrem

267 875 283 924 a
302 877 478 942 superasse.
508 853 602 917 huius
628 853 797 920 accusandi
818 854 920 939 gratia
942 852 1061 920 Conon
1082 879 1102 919 a
1122 855 1341 926 Pharnabazo

300 951 343 1016 ad
354 971 461 1035 regem
474 947 600 1024 missus,
619 956 826 1031 posteaquam
839 947 934 1026 venit,
951 948 1089 1033 primum
1102 971 1143 1014 ex
1155 974 1244 1016 more
1257 953 1341 1020 Per-

300 1033 406 1110 sarum
420 1043 460 1107 ad
473 1040 686 1118 chiliarchum,
705 1041 760 1124 qui
774 1041 947 1107 seeundum
964 1043 1098 1128 gradum
1110 1043 1235 1129 imperii
1249 1055 1341 1113 tene-

298 1138 367 1214 bat,
390 1135 605 1200 Tithrausten
627 1134 765 1200 accessit
783 1155 879 1218 seque
897 1136 1033 1201 ostendit
1050 1157 1123 1202 aum
1139 1159 1215 1224 rege
1235 1141 1340 1206 coilo-

265 1253 280 1301 3
298 1233 353 1317 qui
365 1230 455 1296 velle.
473 1249 566 1293 nemo
580 1227 664 1294 enim
678 1227 745 1293 siue
758 1227 819 1294 hoc
832 1229 1012 1294 admittitur.
1030 1229 1105 1296 huic
1117 1231 1170 1295 1110
1185 1231 1339 1313 „Nullast

297 1325 408 1410 inquit,
429 1344 537 1404 „mora
550 1330 612 1400 est3
632 1322 688 1387 sed
701 1331 736 1386 tu
749 1322 896 1401 dehbera,
915 1333 1019 1388 utrum
1032 1323 1168 1408 colloqui
1180 1325 1276 1392 malis
1300 1353 1342 1394 an

297 1441 354 1507 per
375 1419 494 1484 litteras
518 1439 628 1504 agere,
652 1438 733 1501 quae
756 1419 885 1505 cogitas.
913 1439 1042 1484 0000000
1061 1428 1109 1484 est
1131 1419 1226 1496 enim,
1251 1423 1285 1484 si
1310 1425 1343 1488 in

297 1519 501 1598 conspectum
522 1511 668 1588 veneris,
684 1513 827 1577 venerari
848 1522 879 1578 te
900 1535 1009 1599 regem
1026 1510 1125 1596 (quod
1147 1514 1343 1602 προσκύνη-

297 1629 348 1672 σιν
370 1607 415 1670 1111
437 1606 575 1691 vocant).
603 1605 664 1669 hoc
686 1606 714 1668 si
737 1605 793 1669 tibi
810 1629 907 1690 grave
926 1616 986 1683 est,
1009 1629 1066 1692 per
1087 1630 1138 1672 me
1159 1608 1260 1673 nihilo
1292 1635 1343 1675 00-

261 1703 364 1770 40100
387 1702 479 1768 editis
501 1700 656 1766 mandatis
674 1699 835 1776 conficies,
859 1703 945 1783 quod
963 1703 1101 1770 studes.“
1130 1713 1197 1768 tum
1216 1703 1343 1771 Conon

297 1796 400 1877 „Mihi
417 1801 522 1874 vero‚“
541 1794 650 1877 inquit,
671 1814 754 1870 „non
768 1802 816 1856 est
828 1815 935 1876 grave,
955 1799 1098 1877 quemvis
1112 1798 1269 1863 honorem
1282 1801 1344 1866 ha·

295 1890 370 1956 bere
391 1892 458 1976 regi
464 1915 473 1965 ;
496 1889 553 1952 sed
574 1905 697 1958 vereor,
720 1906 760 1947 00
778 1883 897 1948 civitati
917 1907 1008 1950 meae
1026 1889 1066 1950 sit
1084 1891 1274 1973 opprobrie,
1308 1896 1344 1970 si,

296 2007 368 2050 cum
386 2005 425 2045 ex
444 2003 481 2044 ea
499 1979 559 2040 sim
575 1976 750 2058 profectus,
773 1996 854 2056 quae
872 1977 983 2048 ceteris
1005 1979 1154 2060 gentibus
1172 1983 1346 2067 imperare

175 2063 180 2074 ’
294 2073 464 2146 consuerit,
490 2068 595 2151 potius
621 2065 825 2132 barbarorum
843 2088 939 2151 quam
964 2068 1047 2134 iliius
1069 2092 1156 2134 more
1174 2072 1346 2158 fungar?

293 2168 411 2249 itaque,
430 2181 511 2244 quae
523 2160 603 2224 'huic
620 2159 760 2239 volebat,
780 2161 896 2246 scripta
912 2162 1047 2226 tradidit.

260 2284 273 2330 1
343 2256 401 2323 IV.
431 2249 556 2337 Quibus
575 2255 709 2340 cognitis
726 2278 783 2321 rex
796 2264 919 2320 tantum
932 2255 1114 2322 auctoritate
1132 2255 1199 2320 eius
1218 2269 1347 2326 motus

292 2360 353 2426 est,
376 2359 412 2412 ut
434 2357 466 2415 et
484 2349 731 2434 Tissaphernem
752 2351 876 2415 hostem
898 2349 1043 2416 iudicarit
1060 2357 1091 2414 et
1107 2347 1344 2420 Lacedaemo·

291 2444 360 2508 nios
378 2442 462 2508 bello
479 2444 627 2529 persequi
647 2444 775 2508 iusserit
797 2452 828 2508 et
846 2443 876 2508 ei
892 2443 1083 2528 permiserit,
1107 2464 1202 2526 quem
1218 2445 1340 2524 vellet,

292 2537 407 2625 eligere
430 2538 471 2604 ad
492 2537 737 2623 dispensandam
759 2537 934 2621 pecuniam.
970 2538 1004 2602 id
1026 2536 1188 2602 arbitrium
1211 2535 1338 2606 Conon

290 2633 419 2719 negavit
437 2633 486 2698 sui
504 2653 574 2697 esse
593 2631 724 2708 consilii,
744 2631 800 2695 sed
813 2631 922 2715 ipsius,
942 2631 997 2714 qui
1009 2631 1126 2716 optime
1140 2651 1215 2696 suos
1229 2653 1337 2699 nosse

215 2755 220 2764 ·
257 2749 272 2795 2
291 2728 432 2805 deberet3
452 2727 509 2792 sed
522 2749 556 2791 00
571 2726 712 2802 suadere,
731 2724 940 2791 Pharnabazo
953 2726 986 2790 id
999 2726 1117 2812 negotii
1130 2725 1228 2790 daret.
1252 2726 1336 2792 hino

290 2821 414 2904 magnis
428 2819 610 2884 muneribus
624 2820 758 2884 donatus
777 2819 818 2883 ad
830 2841 916 2884 mare
934 2829 983 2884 est
1000 2820 1126 2896 missus,
1145 2828 1180 2884 ut
1194 2817 1334 2905 Cypriis

291 2922 322 2976 et
338 2911 551 2978 Phoenicibus
570 2913 743 2997 ceterisque
760 2913 924 2978 maritimis
943 2913 1121 2980 civitatibus
1138 2934 1238 2978 naves
1254 2914 1335 2978 ion·

290 3027 348 3091 gas
366 3006 533 3090 imperaret
546 3005 753 3090 classemque,
772 3028 835 3090 qua
851 3006 995 3092 proxima
1007 3016 1126 3072 aestate
1143 3029 1230 3072 mare
1244 3009 1332 3072 tueri

290 3109 412 3185 posset,
432 3109 642 3184 compararet,
661 3101 735 3164 dato
753 3101 894 3166 adiutore
911 3100 1134 3178 Pharnabazo,
1154 3100 1330 3184 sicutipse

255 3213 270 3259 a
289 3193 440 3259 voluerat.
476 3193 510 3258 id
531 3204 567 3258 ut
588 3194 852 3262 Lacedaemoniis
876 3205 924 3260 est
949 3196 1139 3271 nuntiatum,
1166 3216 1233 3260 non
1256 3195 1329 3258 sine

289 3309 449 3352 curarem
466 3286 698 3367 administrant,
722 3289 807 3372 quod
828 3288 929 3352 maius
952 3286 1070 3352 bellum
1091 3287 1254 3352 imminere
1276 3312 1329 3352 ar-

288 3379 496 3457 bitrabantur,
524 3402 620 3464 quam
647 3383 674 3448 si
701 3403 773 3446 cum
799 3379 932 3444 barbaro
959 3379 1061 3444 solum
1088 3381 1326 3446 contenderent.

288 3494 362 3536 nam
384 3472 496 3538 ducem
518 3473 645 3551 fortem,
671 3471 730 3559 [et]
753 3472 939 3556 prudentem
956 3473 1040 3559 regis
1064 3475 1176 3560 opibus
1194 3475 1348 3559 praefu-¹

288 3573 394 3630 turum
411 3589 449 3633 00
467 3590 575 3634 secum
593 3566 813 3631 dimicaturum
830 3564 992 3644 videbant,
1012 3589 1106 3651 quem
1123 3589 1227 3652 neque
1246 3589 1326 3634 con·

253 3680 271 3726 4
289 3660 358 3728 silio
380 3684 483 3746 neque
506 3660 604 3744 copiis
627 3679 775 3742 superare
797 3669 935 3742 possent.
962 3661 1022 3726 hac
1043 3671 1148 3728 mente
1170 3685 1325 3748 magnam

286 3755 473 3820 contrahunt
486 3752 633 3829 classem3
647 3750 886 3835 proficiscuntur
898 3752 1054 3821 Pisandro
1067 3756 1157 3822 duce.
1184 3756 1246 3822 hos
1257 3755 1325 3820 Co-

286 3872 350 3914 non
372 3845 456 3929 apud
479 3843 619 3909 Cnidum
641 3844 768 3911 adortus
790 3869 906 3934 magno
927 3850 1045 3934 proelio
1067 3849 1172 3936 fugat,
1200 3849 1323 3914 multas

286 3960 383 4006 naves
401 3937 499 4024 capit,
522 3938 699 4026 complures
722 3941 876 4027 deprimit
904 3965 967 4027 qua
984 3944 1114 4010 victoria
1131 3967 1196 4010 non
1214 3943 1321 4008 solum

285 4031 446 4111 Athenae,
471 4033 527 4098 sed
550 4033 644 4124 etiam
667 4044 777 4104 cuncta
797 4033 945 4114 Graecia,
969 4059 1049 4122 quae
1073 4037 1132 4104 sub
1150 4038 1322 4106 Lacedae·
1345 4071 1346 4111 r
