2732 4722
280 277 322 341 26
611 283 796 341 CORNELII
808 284 974 342 NEPOTIS

280 405 342 467 tius
361 399 422 466 sibi
439 399 598 486 agendum
620 419 693 462 cum
709 397 926 464 Pharnabazo.
957 399 1031 462 huic
1049 421 1123 484 ergo
1140 402 1312 481 renuntiat,
1345 395 1346 480 l

281 517 361 578 quae
379 495 447 578 regi
465 515 537 557 cum
553 491 815 556 Lacedaemoniis
834 501 954 568 esseut,
975 490 1075 576 [irrita
1091 491 1227 582 futura]
1248 497 1314 561 nisi

245 612 262 659 3
280 587 479 652 Alcibiadem
492 587 600 650 vivum
618 593 672 649 aut
685 593 843 649 mortuum
861 584 922 650 sibi
939 585 1127 650 tradidisset.
1155 609 1220 650 000
1239 590 1313 655 tulit
1345 601 1346 646 1

279 682 340 746 hoe
359 690 497 764 satrapes
516 687 547 743 et
564 677 680 742 violare
695 677 891 741 clementiam
905 700 999 761 quam
1012 678 1096 763 regis
1114 701 1190 763 opes
1208 682 1314 747 minui
1345 663 1346 754 l

279 774 398 840 maluit.
425 773 530 855 itaque
547 771 631 836 misit
646 768 865 835 Susamithren
883 780 914 836 et
927 771 1091 856 Bagaeum
1108 773 1150 836 ad
1166 771 1314 841 Alcibia-
1345 839 1346 842 ,

282 869 354 932 dem
371 865 631 940 interficiendum,
655 885 727 927 cum
744 864 796 927 ille
815 873 899 928 esset
919 865 953 928 in
970 864 1112 950 Phrygia
1126 866 1247 957 iterque
1265 872 1315 935 ad
1345 945 1346 950 η

245 988 264 1033 4
281 983 388 1047 regem
406 966 608 1042 compararet.
637 957 726 1020 missi
744 957 825 1020 elam
838 958 999 1035 vicinitati,
1017 958 1051 1022 in
1064 981 1127 1042 qua
1140 968 1207 1024 tum
1219 960 1314 1028 Alci·
1345 1021 1346 1052 ,

279 1055 387 1120 biades
406 1061 485 1129 erat,
508 1051 583 1115 dant
605 1050 781 1135 negotium,
805 1059 840 1113 ut
862 1073 935 1114 eum
951 1050 1145 1116 interficiant.
1172 1053 1313 1120 illisum
1345 1103 1346 1140 3

279 1148 361 1211 ferro
380 1145 510 1230 aggredi
526 1167 590 1208 non
607 1144 771 1218 auderent,
794 1153 890 1209 noctu
907 1145 993 1232 ligna
1011 1145 1207 1210 contulerunt
1225 1149 1314 1214 circa

280 1261 386 1304 oasam
403 1261 483 1314 eam,
501 1237 535 1300 in
552 1259 615 1319 qua
628 1236 819 1319 quiescebat,
839 1259 938 1322 eaque
953 1239 1188 1317 succenderunt,
1208 1252 1245 1305 ut
1261 1244 1315 1307 in-

279 1333 390 1400 cendio
405 1331 601 1407 conficerent,
621 1352 715 1412 quem
732 1352 828 1394 manu
843 1331 983 1416 superari
1000 1355 1094 1417 posse
1112 1334 1315 1400 diffidebant.

245 1447 261 1493 5
279 1427 331 1490 ille
349 1434 506 1499 autemut
524 1424 627 1488 sonitu
644 1423 788 1488 fiammae
807 1433 856 1488 est
873 1426 1040 1502 excitatus,
1060 1427 1119 1490 etsi
1136 1427 1261 1512 gladius
1283 1433 1317 1494 ei

280 1529 346 1584 erat
359 1519 541 1592 subductus,
560 1516 722 1582 familiaris
737 1517 786 1580 sui
800 1517 944 1582 subalare
961 1519 1057 1582 telum
1076 1521 1196 1605 eripuit.
1218 1545 1319 1587 nam-

279 1626 340 1696 que
363 1620 429 1676 erat
451 1632 523 1673 cum
546 1631 583 1672 eo
605 1610 734 1692 quidam
758 1633 798 1675 ex
819 1611 959 1677 Arcadia
980 1613 1110 1698 hospes,
1137 1617 1192 1698 qui
1215 1640 1317 1681 num-

204 1777 207 1782 ,
279 1728 375 1788 quam
392 1703 552 1798 discedere
571 1703 721 1769 voluerat.
749 1705 833 1770 huno
859 1707 948 1790 sequi
966 1729 999 1772 se
1016 1707 1104 1772 iubet
1125 1719 1156 1772 et
1172 1709 1205 1772 id
1223 1713 1319 1792 quod

277 1799 311 1863 in
335 1797 512 1883 praesentia
533 1797 792 1864 vestimentorum
818 1799 890 1876 fuit,
918 1801 1033 1882 arripit.
1069 1802 1118 1866 his
1141 1803 1174 1866 in
1200 1803 1320 1888 ignem

242 1894 385 1960 coiectis
408 1892 553 1957 flammae
576 1893 642 1958 vim
659 1894 789 1960 transiit.
817 1913 910 1974 quem
928 1900 962 1954 ut
985 1891 1109 1954 barbari
1126 1895 1322 1961 incendium
1345 1941 1346 1954 2

278 1986 429 2072 effugisse
443 1987 597 2066 viderunt,
617 1989 685 2051 telis
704 1985 824 2048 eminus
838 1981 942 2043 missis
956 1981 1178 2048 interfecerunt
1197 2001 1325 2073 caput·
1345 2009 1346 2072 ζ

277 2102 339 2163 que
354 2081 420 2146 eius
435 2081 475 2146 ad
488 2079 727 2145 Pharnabazum
740 2071 919 2133 retulerunt.
947 2081 979 2134 al
992 2073 1110 2148 muller,
1131 2097 1212 2156 quae
1232 2103 1327 2146 cum
1345 2107 1346 2138 3

278 2195 316 2237 eo
338 2174 444 2242 vivere
467 2176 641 2238 consuerat,
663 2159 807 2223 muliebri
830 2183 888 2225 sua
909 2171 996 2228 veste
1018 2173 1195 2240 contectum
1216 2159 1346 2236 aedi-l

276 2268 342 2333 ficii
362 2269 504 2334 incendio
525 2265 681 2324 mortuum
708 2255 871 2333 cremavit,
898 2259 984 2340 quod
1005 2259 1046 2322 ad
1067 2259 1174 2322 vivum
1195 2261 1324 2328 interi.
1345 2263 1346 2322 Τ

276 2365 426 2428 mendum
448 2363 511 2418 erat
533 2359 755 2431 comparatum.
784 2350 830 2415 sic
851 2349 1035 2416 Alcibiades
1059 2375 1157 2417 annos
1182 2354 1321 2422 circiter
1345 2329 1346 2382 l

278 2453 482 2539 quadraginta
499 2450 591 2505 uatus
610 2443 694 2508 diem
712 2444 789 2508 obiit
808 2467 998 2528 supremum.

243 2566 257 2612 1
326 2546 389 2612 XI.
415 2539 511 2602 Hunc
524 2535 711 2600 infamatum
729 2560 748 2600 a
765 2537 922 2620 plerisque
937 2546 1000 2601 tres
1014 2539 1193 2623 gravissimi
1206 2539 1315 2605 histo-

274 2642 331 2704 rici
348 2629 476 2698 summis
490 2629 636 2694 laudibus
651 2626 848 2707 extulerunt,
861 2629 1074 2714 Thucydides,
1093 2632 1149 2714 qui
1160 2633 1315 2700 eiusdem

275 2725 381 2795 aetatis
400 2721 470 2800 fuit,
490 2722 724 2808 Theopompus,
744 2723 797 2805 qui
815 2735 887 2807 post
904 2724 1063 2807 aliquanto
1081 2735 1183 2802 natus,
1203 2735 1235 2788 et
1250 2726 1313 2790 Ti-

272 2837 389 2892 maeus,
405 2817 459 2898 qui
474 2818 602 2900 quidem
615 2817 677 2880 duo
691 2817 987 2894 maledicentissimi,
1001 2819 1107 2883 nescio
1122 2841 1184 2902 quo
1197 2821 1309 2898 modo,

237 2935 254 2981 2
272 2912 306 2974 in
321 2907 375 2974 1110
393 2931 457 2974 000
474 2911 632 2975 laudando
647 2911 861 2974 constiterunt.
887 2933 1023 2994 namque
1041 2935 1088 2988 ea,
1107 2933 1188 2994 quae
1206 2935 1308 2998 supra

272 3003 471 3089 scripsimus,
495 3005 534 3068 de
553 3026 589 3068 eo
608 3004 840 3088 praedicarunt,
863 3013 957 3087 atque
974 3005 1035 3070 hoc
1057 3005 1205 3090 ampliusz
1228 3029 1309 3070 cum
1345 3007 1346 3050 1

271 3097 418 3176 Athenis,
433 3098 687 3184 splendidissima
701 3098 836 3176 civitate,
854 3107 946 3162 natus
961 3110 1054 3181 esset,
1073 3121 1181 3163 omnes
1197 3099 1307 3183 splen·

237 3213 253 3260 3
273 3193 347 3258 dore
361 3214 398 3257 ac
416 3191 568 3278 dignitate
583 3213 749 3277 superasse
768 3192 865 3268 vitac3
882 3200 1050 3276 postquam
1063 3191 1135 3256 iude
1149 3193 1305 3276 expulsus
1345 3185 1346 3218 ¹

272 3286 401 3352 Thebas
423 3287 556 3362 venerit,
580 3286 658 3348 adeo
679 3285 792 3350 studiis
815 3285 923 3348 eorum
944 3285 1127 3362 inservisse,
1151 3294 1186 3350 ut
1207 3307 1306 3350 nemo
1345 3301 1346 3352 t

273 3402 345 3443 eum
361 3377 469 3442 labore
483 3376 683 3459 corporisque
700 3375 819 3439 viribus
836 3383 944 3458 posset
957 3378 1157 3462 aequiperare
1176 3376 1305 3460 (omnes
1345 3367 1346 3450 1

272 3475 356 3536 enim
376 3471 491 3536 Boeoti
511 3469 613 3554 magis
640 3469 779 3532 firmitati
801 3470 939 3552 corporis
962 3491 1057 3554 quam
1082 3474 1201 3560 ingenii
1227 3497 1306 3538 acu·

237 3565 349 3636 amini
370 3563 572 3647 inserviunt);
596 3564 730 3628 eundem
752 3564 837 3648 apud
858 3564 1141 3646 Lacedaemonios,
1165 3591 1305 3651 quorum
1345 3605 1346 3648 1

272 3656 412 3722 moribus
431 3679 554 3722 summa
570 3657 669 3720 virtus
687 3657 720 3720 in
736 3657 887 3742 patientia
903 3660 1085 3744 ponebatur,
1104 3663 1150 3728 sic
1167 3663 1304 3728 duritiae
1345 3659 1346 3742 1

273 3775 308 3818 se
326 3751 465 3828 dedisse,
489 3759 523 3815 ut
540 3750 730 3836 parsimonia
750 3749 851 3816 victus
870 3761 962 3836 atque
985 3755 1086 3821 cultus
1105 3777 1214 3821 omnes
1233 3757 1304 3821 La-
1345 3805 1346 3836 ,

273 3845 491 3912 oedaemonios
513 3845 665 3920 vinceret3
688 3843 787 3908 fuisse
809 3846 894 3930 apud
912 3847 1063 3925 Thracas,
1087 3849 1230 3914 homines
1253 3850 1304 3913 vi-
1345 3839 1346 3916 1

272 3942 415 4006 nolentos
432 3939 589 4023 rebusque
607 3939 746 4004 venereis
765 3940 896 4018 deditos,
914 3941 971 4008 hos
990 3965 1114 4026 quoque
1131 3945 1165 4008 in
1182 3943 1232 4008 his
1251 3966 1302 4008 re-

237 4056 254 4106 0
273 4033 333 4102 bus
356 4034 578 4110 antecessisse3
604 4032 729 4100 venisse
751 4035 792 4100 ad
812 4035 942 4114 Persas,
967 4037 1050 4122 apud
1071 4059 1151 4122 quos
1174 4061 1302 4103 summa
