2732 4722
422 286 705 346 EPAMINONDAS.
1035 281 1075 344 51

53 403 158 468 dendo
175 401 412 489 Epaminondas
431 423 503 467 curn
521 402 561 466 de
579 402 689 466 ceteris
707 413 890 486 perorasset,
907 413 1076 491 postquam
1163 469 1165 474 .

51 497 94 562 ad
111 497 167 560 illa
184 497 247 560 duo
260 494 426 580 opprobria
437 495 587 580 pervenit,
607 493 755 559 admirari
773 517 807 560 se
820 497 898 560 dixit
915 500 1076 564 stultitiam

50 589 186 654 rhetoris
206 586 320 666 Attici,
343 589 398 672 qui
418 611 482 652 non
504 588 772 665 animadverterit,
799 589 979 654 innocentes
1004 592 1075 658 illos

50 691 143 748 natos
165 681 266 758 domi,
293 681 409 746 scelere
432 681 571 745 admisso
593 701 666 746 cum
691 681 794 766 patria
817 691 923 746 essent
944 683 1075 766 expulsi,

50 781 193 860 receptos
220 796 292 838 esse
318 774 358 838 ab
379 772 639 838 Atheniensibus.
676 774 733 838 sed
755 774 893 838 maxime
919 775 987 838 eius
1014 775 1111 844 elo-4

51 867 179 952 quentia
204 867 302 931 eluxit
324 864 457 952 Spartae
482 867 579 952 legati
597 875 677 930 ante
702 889 844 952 pugnam
865 867 1076 932 Leuctricam.

51 983 115 1046 quo
142 983 213 1026 cum
239 961 380 1026 omnium
406 961 563 1026 sociorum
588 961 809 1026 convenissent
833 961 945 1047 legati,
972 983 1078 1027 coram

51 1054 303 1139 frequentissimo
316 1054 510 1140 legationum
524 1063 680 1119 conventu
697 1055 743 1120 sic
750 1055 1078 1120 Lacedaemoniorum

52 1147 248 1232 tyrannidem
262 1147 413 1233 coarguit,
426 1156 463 1211 ut
476 1169 539 1211 non
547 1148 652 1212 minus
665 1147 867 1213 illectatione
877 1170 953 1233 opes
967 1169 1077 1213 eorum

54 1241 245 1308 concusserit
271 1263 366 1324 quam
383 1240 554 1304 Leuctrica
578 1261 695 1325 pugna.
730 1249 798 1304 tum
824 1241 908 1304 euim
932 1242 1074 1326 perfecit,

51 1334 138 1418 quod
162 1343 235 1420 post
260 1333 418 1419 apparuit,
444 1343 480 1396 ut
506 1333 622 1397 auxilio
648 1333 895 1398 Lacedaemonii
921 1336 1077 1398 sociorum

50 1429 258 1514 privarentur.

102 1521 180 1586 VII.
211 1522 327 1586 Fuisse
352 1520 525 1605 patientem
552 1541 742 1602 suorumque
768 1519 897 1583 iniurias
924 1519 1109 1606 ferenteml

50 1616 184 1691 nivium,
211 1616 296 1697 quod
319 1637 353 1680 se
379 1615 498 1699 patriae
519 1614 611 1679 irasci
628 1613 718 1678 nefas
741 1636 811 1678 esse
830 1615 971 1692 duceret,
998 1615 1077 1679 haec

50 1716 130 1772 sunt
146 1707 332 1772 testimonia.
366 1729 438 1772 cum
457 1729 528 1771 eum
548 1716 674 1792 propter
691 1707 842 1771 invidiam
860 1707 946 1772 cives
963 1707 1076 1792 praefi-

1 1859 2 1862 ,
50 1821 126 1864 cere
144 1800 291 1864 exercitui
308 1801 493 1878 noluissent,
516 1801 642 1884 duxque
661 1809 746 1869 esset
763 1799 903 1864 delectus
925 1801 1001 1865 belli
1017 1801 1076 1864 im-

47 1892 185 1979 peritus,
205 1893 293 1958 cuius
312 1915 414 1958 errore
431 1915 469 1958 eo
487 1904 571 1958 esset
588 1894 723 1958 deducta
739 1893 794 1959 illa
810 1894 977 1958 multitudo
994 1894 1075 1958 mili-

3 1993 9 2050 i
48 1995 132 2062 tum,
159 1995 194 2049 ut
216 2009 324 2052 omnes
347 1989 386 2052 de
409 1988 510 2052 salute
531 1988 800 2073 pertimescerent,
828 1988 914 2071 quod
934 1987 1075 2053 locorum

2 2086 12 2143 l.
48 2079 204 2165 angustiis
218 2080 315 2144 clausi
330 2080 369 2147 ab
382 2081 528 2146 hostibus
538 2081 771 2157 obsidebantur,
782 2081 952 2146 desiderari
965 2090 1076 2165 coepta

49 2182 99 2237 est
106 2171 347 2257 Epaminondae
360 2174 531 2258 diligentia.
559 2181 626 2236 erat
638 2173 723 2236 enim
735 2171 781 2236 ibi
792 2173 933 2256 privatus
946 2193 1075 2236 numero
1093 2191 1108 2235 2

1 2272 6 2332 ἕ
48 2267 169 2330 militis.
198 2287 293 2346 aquo
307 2287 379 2328 cum
396 2273 540 2348 peterent
553 2285 654 2348 opem,
673 2263 792 2328 nullam
805 2262 948 2328 adhibuit
959 2286 1077 2328 memo-

1 2415 3 2421 .
46 2359 131 2424 riam
145 2356 352 2421 contumeliae
366 2365 397 2420 et
410 2357 581 2421 exercitum
595 2356 756 2421 obsidione
769 2355 933 2421 liberatum
947 2357 1075 2422 domtun

47 2450 178 2516 reduxit
195 2449 391 2514 incolumem.
419 2472 521 2533 neque
539 2473 613 2514 vero
634 2450 695 2514 hoc
712 2450 808 2514 semel
826 2449 908 2528 fecit,
931 2451 988 2516 sed
1006 2473 1075 2517 sae-

45 2543 131 2628 pius.
172 2543 310 2608 maxime
336 2553 441 2608 autem
471 2543 530 2606 fuit
555 2543 689 2620 illustre,
716 2553 794 2606 'curn
818 2541 1107 2628 Peloponnesum3

48 2637 222 2700 exercitum
245 2636 387 2702 duxisset
412 2637 564 2701 adversus
586 2637 856 2701 Lacedaemonios
882 2637 1074 2718 haberetque

49 2730 187 2816 collegas
206 2731 300 2807 duos,
323 2751 456 2813 quorum
478 2730 556 2794 alter
573 2739 639 2794 erat
655 2729 840 2815 Pelopidas,
863 2729 912 2792 vir
928 2728 1019 2794 sortis
1037 2750 1075 2792 ac

50 2832 206 2887 strenuus.
233 2823 352 2886 hicum
367 2823 548 2888 criminibus
563 2823 810 2888 adversariorum
824 2842 931 2886 omnes
949 2821 983 2886 in
995 2822 1074 2886 invi-

50 2915 136 2980 diam
152 2915 322 2992 venisscnt,
342 2915 383 2980 ob
398 2937 530 2998 eamque
547 2937 613 2980 rem
630 2916 795 3001 imperium
812 2915 862 2980 his
881 2925 965 2982 esset
982 2915 1073 2980 abro-
1157 2999 1161 3008 Ι

52 3017 171 3092 gatum,
190 3017 282 3092 atque
300 3010 455 3074 incorum
472 3010 577 3074 locum
590 3007 643 3074 alii
659 3018 817 3093 praetores
836 3010 1071 3081 successissent,

52 3099 289 3183 Epaminondas
306 3103 416 3188 populi
431 3102 508 3168 scito
521 3124 584 3166 non
592 3103 704 3187 paruit,
718 3102 864 3182 idemque
877 3109 912 3163 ut
925 3099 1071 3182 facerent,
1091 3113 1108 3158 4

49 3193 211 3280 persuasit
223 3195 348 3283 collegis
363 3206 394 3260 et
411 3196 537 3273 bellum,
552 3197 637 3280 quod
651 3200 840 3278 susceperat,
858 3189 967 3276 gessit.
984 3208 1074 3254 nam-

50 3309 113 3370 que
130 3287 405 3367 animadvertebat,
424 3289 485 3354 nisi
497 3289 531 3352 id
548 3289 685 3365 fecisset,
704 3298 805 3352 totum
818 3282 989 3349 exercitum
1001 3302 1074 3365 pro-

50 3388 122 3463 pter
133 3390 310 3464 praetorum
323 3382 564 3468 imprudentium
576 3382 794 3464 inscitiamque
807 3377 882 3444 belli
890 3375 1071 3462 periturum.

50 3471 105 3536 lex
123 3483 187 3538 erat
204 3473 338 3552 Thebis,
365 3497 445 3560 quae
463 3485 562 3541 morte
579 3473 746 3551 multabat,
769 3470 884 3554 siquis
906 3468 1073 3555 imperium
1091 3487 1106 3534 5

51 3565 170 3632 diutius
195 3569 388 3647 retinuisset,
420 3592 515 3653 quam
545 3569 616 3654 lege
642 3565 841 3652 praefinitum
866 3563 956 3630 soret.
991 3564 1074 3629 hano

50 3659 289 3746 Epaminondas
303 3687 374 3729 cum
387 3663 588 3748 reipublicae
603 3659 835 3726 conservandae
848 3680 961 3724 caussa
977 3657 1074 3718 latam

50 3753 185 3832 videret,
204 3757 246 3820 ad
262 3758 433 3843 perniciem
450 3756 584 3820 civitatis
603 3754 745 3818 conferre
762 3753 862 3818 noluit
880 3759 911 3813 et
928 3753 1074 3828 quattuor

50 3850 214 3916 mensibus
229 3852 354 3930 diutius,
369 3871 464 3935 quam
476 3847 611 3932 populus
624 3848 768 3922 iusserat,
787 3844 885 3928 gessit
897 3838 1072 3922 imperium.

103 3941 198 4010 VIH.
223 3943 400 4029 Postquam
413 3943 542 4007 domum
555 3939 690 4002 reditum
703 3945 760 4012 est,
780 3935 919 4018 collegae
933 3931 999 3994 eius
1013 3930 1073 3996 hoc
1092 3951 1105 3998 1

50 4033 181 4102 crimine
208 4038 446 4104 accusabantur.
482 4031 597 4122 quibus
623 4029 676 4094 ille
701 4027 856 4182 permisip,
888 4033 924 4090 ut
949 4047 1073 4092 omnem

849 4130 862 4158 1

943 4277 1167 4632 s'
