2758 4726
301 258 345 322 94
595 313 598 320 .
633 263 819 323 CORNELII
831 264 994 324 NEPOTIS

300 403 426 468 quoque
442 389 547 459 ortus,
566 401 647 464 quos
664 377 800 444 hencres
818 378 997 464 quibusque
1015 378 1209 466 temporibus
1228 383 1314 466 cepis-

302 486 364 554 set3
381 475 451 561 pari
468 475 563 540 modo
580 472 725 538 Marcelli
743 471 885 550 Claudii,
911 469 980 558 [de]
999 471 1239 552 Marcellorum,
1258 473 1317 540 Sei·

255 579 258 588 ’
300 571 403 658 pionis
415 567 554 634 Cornelii
571 565 704 633 etFabii
712 565 858 643 Maximi,
875 565 1050 632 Fabiorum
1068 567 1316 634 etAemilicmm.
1343 625 1344 636 ,

267 664 416 750 aquibus
442 663 531 728 libris
557 661 636 726 nihil
660 669 765 746 potest
791 681 862 726 esse
884 659 1007 726 duluus
1029 661 1084 738 iis,
1111 661 1167 746 qui
1193 661 1318 745 aliquam

267 779 283 828 5
302 757 504 844 cupiditatem
517 755 635 821 habent
651 755 780 820 notitiae
793 754 948 820 clarorum
961 753 1109 820 virorum.
1136 755 1244 842 attigit
1255 777 1319 838 quo

301 874 363 936 que
384 851 542 937 poeticam
569 849 740 926 credimus,
763 847 890 913 nesius
914 869 1026 932 expers
1049 857 1134 913 esset
1155 849 1319 914 suavitub.

300 967 437 1028 namque
455 942 614 1019 versibus,
637 942 693 1024 qui
709 941 828 1007 honore
849 963 1018 1026 rerumque
1035 951 1197 1028 gestamm
1223 941 1321 1026 ampli·
1344 955 1345 968 ¹

268 1061 283 1108 c
301 1040 410 1104 tudine
432 1047 551 1102 ceteros
568 1036 706 1102 Romani
722 1036 832 1120 pepedi
853 1035 1089 1122 praestiterunt,
1112 1036 1262 1122 exposuit
1277 1035 1321 1111 ita,

301 1143 337 1197 ut
350 1132 409 1198 sub
424 1131 619 1217 singulorum
636 1130 828 1216 imaginibus
846 1130 931 1196 facta
943 1130 1212 1216 magistratusque
1226 1151 1322 1196 eorum

300 1249 365 1292 non
395 1225 531 1311 amplius
558 1225 720 1308 quaternis
751 1225 918 1309 quinisque
942 1223 1088 1290 versibus
1119 1216 1346 1310 descripseritl

301 1320 387 1404 quod
404 1319 460 1384 vix
477 1319 669 1385 eredendum
687 1319 741 1396 sit,
765 1327 867 1384 tantas
884 1339 935 1384 res
953 1327 1019 1384 tam
1035 1318 1173 1384 breviter
1187 1318 1324 1404 potuisse
1345 1399 1346 1414 χ

302 1413 462 1480 declarari.
491 1424 539 1480 est
556 1414 651 1480 etiam
668 1435 751 1479 unus
769 1413 857 1492 liber,
873 1411 995 1479 Graece
1009 1412 1181 1492 confectus,
1201 1413 1243 1478 de
1259 1433 1325 1475 ecn-

304 1509 408 1573 sulatu
427 1508 599 1574 Ciceronis.

269 1623 282 1669 1
353 1602 454 1668 XIX.
481 1603 646 1666 Hactenus
660 1600 770 1666 Attico
787 1602 860 1667 vivo
878 1601 962 1666 edita
979 1624 999 1665 a
1015 1600 1108 1666 nobis
1126 1611 1209 1667 sunt.
1239 1619 1325 1675 nunc,

302 1696 452 1778 quoniam
478 1696 605 1760 fortuna
630 1717 688 1759 nos
717 1695 900 1779 superstites
924 1695 954 1759 ei
976 1717 1047 1760 esse
1068 1695 1183 1774 voluit,
1209 1695 1326 1778 reliqua

301 1811 539 1872 persequemur,
568 1797 612 1863 et,
635 1795 787 1868 quantum
812 1788 1022 1870 potuerimus,
1049 1811 1155 1853 rerum
1177 1788 1328 1874 exemplis

262 1957 264 1976 Ι
300 1882 432 1945 lectores
450 1879 648 1954 docebimus,
672 1879 754 1942 sicut
771 1901 868 1961 supra
885 1879 1144 1962 significavimus,
1169 1903 1250 1948 suos
1272 1882 1330 1946 cui-

266 1993 362 2056 sque
383 1993 486 2035 mores
512 1971 697 2056 plerumque
719 1970 884 2035 conciliare
910 1971 1078 2035 fortunam.
1113 1994 1255 2054 namque
1287 1975 1333 2038 hic

300 2073 465 2133 contentus
488 2063 596 2130 ordine
619 2065 769 2148 equestri,
792 2085 856 2147 quo
878 2073 945 2129 erat
966 2073 1068 2142 ortus,
1090 2065 1125 2128 in
1141 2063 1332 2130 affinitatem

299 2159 443 2246 pervenit
463 2158 661 2244 imperatoris
677 2157 758 2222 Divi
778 2157 848 2235 filii,
871 2179 944 2222 cum
960 2158 1024 2221 iam
1042 2167 1115 2222 ante
1136 2156 1348 2225 familiarita.

301 2265 366 2320 tem
392 2255 461 2320 eius
484 2262 568 2319 esset
590 2261 779 2319 consecutus
804 2251 891 2317 nulla
912 2252 1029 2316 aliare
1051 2271 1148 2335 quam
1173 2250 1327 2337 elegantia

301 2349 398 2424 vitae,
426 2369 490 2431 qua
516 2357 637 2412 ceteros
664 2355 789 2432 ceperat
814 2346 972 2432 principes
999 2345 1148 2423 civitatis,
1176 2345 1325 2431 dignitate

268 2461 282 2507 3
299 2441 378 2525 pari,
397 2439 524 2504 fortuna
540 2440 732 2505 humiliores.
760 2449 846 2504 tanta
859 2441 943 2504 enim
955 2439 1147 2525 prosperitas
1159 2437 1324 2505 Caesarem

301 2542 349 2598 est
367 2542 549 2611 consecuta,
567 2542 603 2597 ut
620 2533 697 2596 nihil
715 2534 745 2597 ei
761 2555 826 2597 non
842 2533 985 2598 tribuerit
1003 2533 1142 2610 fortuna,
1161 2535 1250 2616 quod
1265 2533 1324 2597 eui-

214 2613 220 2630 ⁶
301 2649 397 2712 quam
415 2636 486 2693 ante
504 2627 659 2706 detulerit,
678 2636 710 2691 et
723 2627 903 2704 conciliarit,
923 2627 1008 2711 quod
1025 2650 1119 2692 nemo
1133 2628 1240 2693 adhuc
1253 2627 1321 2692 civis
1348 2617 1349 2630 ¹

266 2723 464 2789 4Rcmanus
488 2723 588 2806 quivit
610 2723 769 2806 consequi.
805 2731 879 2786 nata
901 2731 949 2786 est
972 2731 1078 2786 autem
1095 2720 1204 2786 Attico
1228 2721 1321 2806 neptis

301 2839 341 2880 ex
358 2815 517 2901 Agrippa,
537 2816 588 2880 cui
605 2817 759 2902 virginem
776 2815 874 2880 filiam
892 2815 1065 2880 collocarat.
1097 2816 1180 2880 hane
1199 2813 1319 2888 Caesar,

299 2909 355 2972 vix
372 2909 558 2986 anniculam,
578 2909 706 2974 Tiberio
717 2908 851 2975 Claudio
859 2909 985 2987 Neroni,
1004 2909 1147 2973 Drusilla
1164 2918 1250 2986 nato,
1266 2907 1321 2994 pri·

299 3002 396 3089 vigne
415 3026 482 3081 suo,
502 3004 682 3090 despondit3
701 3027 782 3090 quae
801 3006 977 3071 coniunctio
995 3005 1261 3071 necessitudinem
1277 3023 1321 3067 ec-

299 3121 371 3162 rum
389 3099 502 3180 sanxit,
522 3099 767 3166 familiaritatem
783 3100 919 3164 reddidit
936 3099 1190 3184 frequentiorem.

267 3212 280 3256 1
350 3192 434 3258 XX.
464 3193 619 3276 Quamvis
638 3203 710 3258 ante
726 3194 805 3259 haec
820 3193 979 3280 sponsalia
991 3215 1055 3258 non
1069 3191 1181 3271 solum,
1201 3213 1270 3257 cum
1283 3189 1320 3254 ab

299 3285 378 3350 urbe
405 3287 544 3363 abesset,
571 3309 745 3372 numquam
766 3289 809 3352 ad
835 3311 964 3352 suorum
990 3309 1181 3371 quemquam
1204 3281 1319 3348 litteras

299 3379 398 3454 misit,
422 3379 498 3461 quin
519 3377 629 3446 Attico
651 3382 801 3457 mitteret,
824 3381 900 3463 quid
922 3390 1043 3465 ageret,
1065 3379 1229 3467 inprimis
1251 3375 1320 3462 quid

299 3470 431 3555 legeret,
458 3471 636 3557 quibusque
658 3475 692 3538 in
712 3474 789 3538 locis
812 3481 843 3536 et
865 3473 1016 3555 quamdiu
1033 3485 1117 3540 essct
1139 3483 1319 3544 moraturus,

265 3582 281 3630 2
301 3561 358 3626 sed
371 3562 474 3643 etiam,
490 3589 563 3631 cum
576 3575 660 3631 esset
673 3567 706 3630 in
719 3565 796 3629 urbe
810 3573 841 3628 et
853 3574 980 3650 propter
993 3567 1130 3633 infinitas
1145 3591 1221 3633 suas
1235 3586 1319 3631 oecu-

298 3656 441 3743 paticnes
455 3660 559 3723 minus
570 3681 673 3743 saepe,
688 3681 785 3742 quam
797 3658 901 3736 vellet,
915 3659 1023 3725 Attico
1036 3661 1202 3739 frueretur,
1221 3658 1319 3724 nullus

300 3751 368 3818 dies
390 3761 506 3817 temere
527 3752 716 3829 intercessit,
739 3774 802 3834 quo
823 3775 888 3817 non
910 3754 950 3818 ad
973 3775 1045 3820 eum
1067 3755 1231 3832 scriberet,
1254 3771 1319 3817 cnm

299 3847 394 3913 modo
416 3847 534 3930 aliquid
556 3847 595 3911 de
618 3847 801 3932 antiquitate
824 3847 864 3913 ab
887 3871 924 3914 ec
946 3849 1129 3934 requireret,
1153 3851 1249 3914 modo
1268 3844 1319 3910 ali-

299 3961 395 4024 quam
408 3940 623 4025 quaestionem
631 3941 825 4026 poeticamei
837 3953 1032 4029 proponeret,
1046 3944 1203 4008 interdum
1217 3945 1318 4008 iocans

265 4053 282 4102 a
300 4033 368 4098 eius
389 4035 585 4101 verbosiores
607 4035 732 4101 eliceret
753 4036 912 4123 epistolas.
948 4060 1073 4124 exque
1095 4037 1223 4118 accidit,
1252 4055 1316 4101 urm
