2758 4726
341 248 376 302 T.
389 246 611 304 POMPONIUS
625 246 796 306 Annaeus
1039 239 1083 304 93

107 362 207 428 XVI.
233 361 449 432 Humanitatis
463 382 538 425 vero
555 360 676 424 nullum
694 360 805 425 afferre
821 365 922 429 maius
940 367 1081 432 testimo-
1100 386 1113 432 1

57 457 145 522 nium
171 475 317 539 possum,
344 475 439 536 quam
465 453 551 537 quod
571 453 754 518 adolescens
775 453 861 517 idem
878 457 949 520 seni
972 456 1079 524 Sullae

58 548 152 614 fuerit
178 547 439 622 iucundissimus,
467 568 564 610 senex
590 545 782 611 adolescenti
798 545 846 610 M.
864 545 980 624 Bruto,
1007 571 1081 616 cum

59 639 241 724 aequalibus
259 648 365 704 autem
383 639 459 715 suis,
479 638 519 720 Q.
537 639 710 704 Hortensio
728 647 760 702 et
775 639 824 703 M.
845 637 1012 718 Cicerone,
1036 644 1081 708 sie

59 733 179 810 vixerit,
198 732 384 797 ut‘iudicare
397 731 526 796 difficile
540 733 588 808 sit,
608 731 660 796 cui
672 733 767 796 aetati
779 733 873 798 fucrit
887 733 1079 818 aptissimus.

59 848 248 910 quamquam
267 848 339 891 enm
356 826 524 911 praecipue
537 826 646 890 dilexit
657 825 779 904 Cicero,
797 835 833 890 ut
848 849 889 892 ne
902 827 999 892 frater
1011 829 1080 912 qui·
1098 848 1113 894 a

59 923 130 985 dem
148 921 177 984 ei
195 919 333 1002 Quintus
357 920 457 984 carior
477 919 572 984 fuerit
589 928 643 983 aut
665 920 856 984 familiarior.
888 921 918 984 ei
938 921 986 984 rei
1007 930 1081 986 sunt
1099 940 1114 987 a

57 1012 173 1078 indicio
184 1021 370 1098 praeterens
383 1011 490 1089 libros,
508 1012 669 1095 inquibus
684 1012 723 1076 de
738 1034 775 1076 eo
789 1012 866 1076 facit
877 1013 1079 1091 mentionem,

58 1105 167 1189 quiin
184 1105 301 1190 vulgus
324 1113 397 1171 sunt
419 1105 507 1183 editi,
529 1105 676 1170 undecim
696 1105 856 1172 volumina
877 1106 1081 1191 epistolarum

58 1199 99 1264 ab
117 1198 281 1264 consulatu
298 1199 366 1263 eius
383 1219 484 1281 usque
502 1199 543 1262 ad
556 1207 730 1262 extremum
747 1207 870 1282 tempus
886 1197 1079 1264 adAtticum

59 1292 239 1369 missarum3
258 1313 339 1374 quae
352 1293 406 1374 qui
418 1292 512 1377 legat,
527 1314 591 1356 non
603 1292 737 1358 multum
750 1289 905 1354 desideret
916 1291 1080 1356 historiam

58 1395 236 1450 contextam
257 1386 382 1452 illorum
404 1395 589 1470 temporum.
622 1386 668 1450 sic
686 1385 769 1450 enim
787 1385 892 1449 omnia
909 1385 948 1450 de
967 1386 1078 1450 studiis
1098 1407 1115 1452 4

56 1479 247 1564 principum,
274 1479 357 1543 vitiis
380 1478 510 1555 ducum,
533 1477 757 1543 mutationibus
778 1477 824 1542 rei
844 1477 989 1562 publicae
1009 1499 1081 1562 per-

56 1573 176 1657 scripta
193 1582 279 1650 sunt,
302 1581 338 1636 ut
354 1572 432 1636 nihil
449 1573 482 1636 in
499 1572 549 1637 his
567 1595 631 1636 non
647 1580 797 1657 appareat
814 1580 846 1636 et
862 1570 955 1636 facile
973 1572 1081 1635 existi-

54 1665 140 1730 mari
155 1667 267 1750 possit,
289 1667 488 1750 prudentiam
506 1666 737 1750 quodammodo
756 1686 826 1730 esse
844 1663 1078 1731 divinationem.

23 1825 24 1830 ,
53 1759 224 1822 nonenim
243 1758 355 1824 Cicero
373 1782 411 1824 ea
429 1759 544 1836 solum,
567 1781 651 1842 qnae
666 1759 739 1823 vivo
762 1781 796 1822 se
814 1759 1007 1836 acciderunt,
1030 1758 1081 1822 fu-

54 1860 129 1916 tura
144 1853 313 1936 praedixit,
337 1853 504 1926 sedetiam
522 1874 603 1936 quae
620 1875 705 1918 nune
721 1874 783 1918 usn
799 1853 943 1930 veniunt,
968 1852 1081 1916 cecinit

24 1995 25 2004 ,
53 1954 88 2008 ut
109 1953 207 2010 vates.

106 2037 221 2104 XVII.
248 2040 301 2104 De
318 2042 433 2124 pietate
452 2048 558 2103 antem
569 2037 669 2102 Attici
686 2039 763 2118 quid
783 2039 874 2118 plura
891 2059 1080 2102 commemo·
1099 2058 1112 2102 1

22 2189 24 2196 ,,
49 2131 142 2194 rem?
164 2154 237 2196 cum
253 2132 315 2193 hoe
336 2131 441 2212 ipsum
458 2149 532 2191 vere
549 2128 734 2210 gloriantem
751 2125 904 2188 audierim
919 2128 953 2188 in
970 2129 1081 2198 funere

22 2265 24 2298 3
52 2223 277 2296 matrissuae,
297 2241 392 2301 quam
410 2218 521 2284 extulit
539 2238 692 2280 annorum
709 2216 890 2300 nonaginta,
908 2236 979 2278 cum
998 2226 1083 2279 esset

21 2359 23 2384 .
52 2324 182 2398 septem
199 2322 231 2376 et
249 2312 425 2397 sexaginta,
449 2333 484 2376 se
502 2331 672 2394 numquam
691 2329 763 2373 cum
784 2316 882 2372 matre
899 2307 932 2372 in
948 2307 1083 2394 gratiam

48 2405 193 2481 redisse,
215 2425 387 2486 numquam
404 2426 477 2470 cum
494 2424 599 2468 sorore
621 2403 720 2468 fuisse
741 2403 775 2466 in
792 2400 962 2480 simultate,
985 2423 1082 2485 qnam

21 2575 22 2578 Ἴ
49 2517 156 2582 prope
178 2497 342 2578 aequalem
364 2497 508 2562 habebat.
544 2497 629 2579 quod
651 2504 700 2560 est
721 2496 860 2582 signum,
883 2504 938 2560 aut
960 2495 1113 2564 nullama

52 2609 209 2672 nmquam
225 2589 306 2654 inter
319 2611 373 2654 eos
386 2588 613 2674 querimoniam
630 2589 855 2665 intercessisse,
875 2597 929 2652 aut
945 2589 1029 2654 hunc
1043 2610 1081 2650 ea

53 2682 156 2746 luisse
172 2681 207 2744 in
224 2703 299 2746 suos
316 2683 520 2768 indulgentia,
538 2691 583 2760 nt,
602 2703 682 2764 qnos
700 2703 805 2745 amare
822 2681 963 2757 deberet,
987 2680 1081 2744 irasci

53 2776 99 2840 eis
113 2773 204 2840 nefas
218 2774 355 2840 duceret.
383 2797 486 2858 neque
498 2775 533 2838 id
544 2775 620 2838 fecit
633 2781 744 2838 natura
758 2773 869 2849 solum,
888 2794 1079 2856 quamquam
1098 2796 1113 2843 a

53 2889 164 2933 omnes
178 2867 208 2932 ei
219 2889 376 2952 paremus,
392 2867 555 2932 sedetiam
569 2867 718 2930 doctrina.
744 2889 817 2932 nam
829 2863 888 2952 [et]
903 2867 1081 2952 principum

54 2960 314 3047 philosophorum
339 2961 384 3025 ita
404 2968 552 3045 percepta
576 2957 686 3024 habuit
705 2968 884 3044 praecepta,
911 2961 1017 3026 uthis
1040 2961 1082 3024 ad

54 3054 154 3118 vitam
171 3055 337 3140 agendam,
356 3076 420 3119 non
438 3054 479 3118 ad
497 3052 736 3117 ostentationem
752 3060 899 3116 uteretur.

105 3148 239 3214 X'VIIL
270 3147 372 3214 Moris
396 3149 490 3213 etiam
515 3146 669 3210 maiorum
692 3166 833 3209 summus
858 3144 995 3208 imitator
1020 3143 1113 3208 fuit1

55 3242 312 3326 antiquitatisque
334 3250 468 3318 amator,
491 3262 587 3324 qnam
608 3239 687 3304 adeo
710 3237 876 3322 diligenter
896 3236 1006 3302 habuit
1028 3259 1082 3302 co-

53 3335 187 3420 gnitam,
204 3345 241 3400 ut
253 3357 324 3400 eam
341 3343 439 3400 totam
455 3335 489 3400 in
506 3355 543 3399 eo
557 3331 716 3398 volumine
730 3331 918 3416 exposuerit,
937 3351 1000 3414 quo
1013 3353 1080 3394 ma

54 3429 207 3514 gistratus
225 3429 355 3494 ornavit.
385 3429 473 3496 nulla
489 3428 574 3494 enim
594 3427 660 3504 lex,
682 3447 785 3510 neque
801 3448 874 3510 pax,
892 3447 995 3509 neque
1012 3425 1079 3491 bel·
1097 3446 1113 3493 2

55 3521 138 3600 lum,
160 3545 261 3606 neque
278 3545 329 3588 res
350 3523 480 3588 illustris
498 3531 547 3586 est
563 3521 672 3607 populi
688 3520 837 3598 Romani,
860 3542 941 3606 quae
962 3543 1026 3586 non
1046 3521 1081 3588 in

56 3637 94 3680 eo
113 3637 174 3682 sno
191 3625 331 3702 tempore
349 3617 390 3680 sit
406 3624 526 3692 notata;
544 3624 590 3691 et,
608 3614 694 3698 quod
710 3614 929 3680 difficillimum
945 3614 1015 3691 fuit,
1035 3616 1081 3678 sic

56 3707 248 3774 familiarum
259 3710 412 3796 originem
430 3705 599 3782 subtexuit,
618 3718 653 3770 ut
670 3729 710 3769 ex
723 3729 760 3770 eo
775 3707 929 3770 clarorum
941 3706 1081 3769 virorum

55 3802 246 3890 propagines
268 3802 428 3888 possimus
446 3818 645 3887 cognoscere.
678 3796 831 3859 fecithoc
851 3797 936 3859 idem
955 3813 1113 3876 separas
1226 3869 1229 3878 Ι

56 3895 117 3958 tim
132 3895 167 3960 in
183 3896 253 3960 aliis
270 3895 373 3973 libris,
391 3903 428 3958 ut
443 3891 492 3958 M.
509 3889 602 3956 Bruti
619 3897 732 3975 rogatu
749 3886 874 3952 Iuniam
890 3883 1043 3950 familiam
1061 3907 1081 3948 a

54 3988 155 4076 stirpe
169 3989 210 4055 ad
226 3989 309 4056 hanc
326 3996 459 4056 aetatem
472 3985 580 4053 ordine
595 3980 830 4060 enumeraverit,
848 3986 971 4056 notans,
990 3975 1044 4060 qui
1061 3999 1082 4042 a
