2732 4722
236 294 276 342 v1
612 297 651 340 nu
671 275 945 340 cosunun'rrarorrs

237 407 352 478 quidem
370 407 421 462 sed
439 407 477 462 ad
495 406 609 463 exitium
626 411 725 462 ruente
743 423 774 462 re
827 407 868 464 Ut
877 413 938 463 erat
947 407 1045 478 Nepos
1056 425 1164 465 summe
1173 427 1280 466 morum
1291 414 1333 468 in-

235 475 538 556 publicamoribusque
548 476 577 528 in
588 475 773 538 deteriusmu-
792 476 924 556 tegritate
934 493 969 530 ac
979 476 1333 549 suavitate,quodpraeter

235 544 303 598 tatis
313 543 384 597 vidit
394 543 589 597 cruentissima
598 543 699 597 civium
709 559 773 598 con·
793 544 871 597 ahud
905 544 1081 598 luculentum
1110 545 1333 602 testimonium18

236 617 281 666 tra
292 612 368 666 cives
383 611 472 680 bella,
491 611 562 664 vidit
574 611 673 666 turbas
687 616 774 682 atque
792 612 871 666 haud
880 611 938 666 scio
949 629 987 666 an
995 612 1174 668 familiaritas
1184 615 1333 670 cumCice-

237 681 340 734 caedes
350 677 492 732 Marianas
502 685 532 734 et
541 675 682 746 Sullanas,
699 677 774 734 cau·
792 696 862 734 rone
880 685 909 733 et
925 677 1022 734 Attico
1047 686 1193 736 contracta
1212 683 1332 739 maxime

170 791 173 800 ,
236 748 312 801 linae
323 747 426 814 scelus,
438 745 531 800 Clodii
540 745 661 816 furores,
672 745 774 801 Caesa·
792 746 877 801 nobis
887 747 1067 818 comprobet,
1082 748 1123 803 ita
1131 749 1333 820 philosophiae

234 815 273 869 ris
284 813 517 883 dominationem,
527 831 679 884 prosperos
691 815 774 868 Octa·
793 814 918 884 favebat,
930 821 1071 886 quatenus
1080 823 1159 872 recte
1168 817 1282 874 vivendi
1292 820 1333 874 di·

235 883 311 937 viani
330 899 478 936 successus
497 888 526 936 et
543 883 657 952 longius
681 887 774 937 aetate
794 882 1089 953 sciplinamcontinet,
1102 889 1136 938 ut
1150 899 1250 940 revera
1264 887 1333 941 stoi-

234 955 388 1022 provectus
398 949 436 1003 M.
446 948 564 1004 Antonii
573 949 723 1005 interitum
794 967 890 1004 corum
904 951 1011 1020 placite
1025 957 1138 1006 secutus
1152 968 1216 1006 esse
1230 960 1331 1022 putan-

269 1019 364 1072 Minus
382 1018 467 1072 nobis
486 1017 631 1087 cognitum
652 1024 697 1072 est
712 1035 774 1088 per·
794 1019 846 1072 dus
857 1018 900 1072 sit.
919 1018 992 1074 Nam
1000 1019 1211 1089 philosophiam
1218 1022 1332 1076 omnino

236 1092 429 1157 spectemque,
440 1085 543 1156 quibus
557 1087 722 1156 parentibus
733 1102 775 1138 or·
794 1103 904 1140 omnem
914 1086 940 1140 ei
949 1086 1038 1142 fuisse
1050 1087 1224 1156 contemptui
1232 1101 1334 1144 vereor

235 1159 280 1206 tus
296 1155 333 1210 sit
346 1157 376 1208 et
394 1153 535 1233 quomodo
551 1154 696 1208 educatus.
720 1153 774 1208 Ta·
793 1158 824 1206 ut
833 1159 910 1208 recte
924 1153 979 1208 sibi
992 1155 1185 1224 persuaserint
1203 1155 1333 1212 homines

235 1238 301 1275 men
312 1238 346 1275 ex
354 1221 524 1275 totiusvitae
535 1221 595 1274 eius
605 1221 773 1290 rationibus,
794 1221 907 1341 guidam
918 1221 994 1274 docti
1003 1229 1121 1292 propter
1130 1223 1276 1278 Lactantii
1291 1225 1334 1278 iu·
1358 1257 1359 1262 =

237 1295 373 1358 quantum
389 1305 437 1342 eas
451 1289 585 1360 persequi
598 1289 679 1357 licet,
698 1290 773 1342 haud
813 1289 931 1342 icium.1⁹
949 1289 1050 1360 Neque
1061 1291 1210 1360 asscripta
1220 1289 1334 1347 Cicero·
1358 1309 1359 1352 i

236 1357 333 1427 inepte
345 1357 473 1477 collipas,
485 1373 549 1409 eum
558 1357 662 1424 nobili,
672 1357 773 1411 fortas·
792 1356 850 1425 nis,
862 1373 934 1427 quae
943 1357 1042 1426 Nepos
1051 1359 1175 1429 legenda
1183 1375 1242 1413 non
1251 1367 1333 1430 puta-

236 1425 300 1478 sise
322 1424 410 1478 uestri
431 1430 622 1478 oconatumat
643 1442 678 1479 ue
688 1425 774 1478 omni·
794 1425 868 1494 11110
897 1425 1333 1496 hilosophicaaccipieudaesse,

235 1493 289 1547 bus
303 1441 367 1548 Nare
386 1492 420 1545 iis
439 1492 547 1546 artibus
571 1498 600 1546 ct
637 1493 774 1562 isciplinis
793 1493 870 1564 quod
914 1493 1079 1564 cusingcrus
1097 1493 1187 1548 voluit
1201 1501 1263 1549 cum
1276 1498 1334 1551 Po·

234 1560 392 1614 institutum
411 1575 488 1628 esse,
509 1559 610 1629 quibus
629 1559 688 1616 illis
706 1566 774 1614 tem·
792 1576 871 1640 pma,
892 1561 942 1614 sed
956 1561 1071 1641 poetica
1085 1561 1257 1616 recentiores
1279 1563 1334 1617 viri
1358 1575 1359 1620 l

234 1628 353 1709 poribus
367 1627 485 1698 ingenui
493 1627 685 1682 Romanorum
694 1627 775 1697 pueri
793 1629 871 1682 doctr
880 1628 953 1683 bene
962 1630 1193 1684 rntellcxeruntn

234 1695 344 1750 institui
354 1696 526 1763 solebant,16
560 1713 628 1750 uare
643 1713 707 1750 eum
716 1712 773 1749 non
828 1695 957 1749 Otiosum
966 1703 1086 1766 tempus,
1098 1713 1152 1768 quo
1162 1697 1255 1768 ipsum
1286 1715 1333 1754 ro·
1358 1697 1359 1736 l

236 1763 529 1844 solumpopularibus
567 1763 703 1832 istoricis,
728 1781 774 1818 ve·
792 1767 856 1884 pter
876 1780 1023 1818 munerum
1044 1765 1221 1830 yacauonem
1242 1716 1335 1822 agun-
1358 1805 1359 1810 .

234 1849 297 1885 rum
306 1837 391 1886 etiam
401 1830 519 1886 Graecis
530 1831 729 1912 scriptoribus,
743 1836 775 1884 ut
812 1848 877 1886 asse
888 1849 974 1900 supra
983 1833 1157 1888 ostendimus
1179 1833 1335 1889 collocavit

236 1899 285 1969 qui
299 1899 402 1954 Gracci
416 1899 552 1953 sermonis
566 1904 674 1968 perrtus
689 1903 773 1967 esset,
791 1898 821 1952 in
832 1898 989 1953 scribendis
998 1899 1131 1954 historiis.
1145 1872 1241 1972 thue
1252 1901 1335 1956 exiis
1358 1899 1359 1920 ³

235 1967 375 2036 insignem
385 1983 500 2035 operam
525 1966 773 2021 raestitisscdubi·
793 1966 919 2037 quidem,
939 1983 1012 2038 quae
1031 1967 1156 2038 scripsit,
1173 1973 1336 2037 temporum
1358 2015 1359 2018 ,

235 2034 290 2088 tari
303 2034 349 2087 vix
362 2040 466 2102 potest.
523 2035 547 2088 's
562 2033 662 2088 st'udiis
676 2035 773 2088 adiun-
791 2035 902 2090 ratione
929 2035 1041 2106 habita,
1074 2035 1176 2106 quibus
1207 2036 1334 2105 scripsit,

235 2101 288 2170 xit,
308 2101 337 2154 id
356 2103 431 2172 quod
450 2101 585 2156 historiae
605 2103 772 2158 scribendae
791 2103 910 2172 primum
928 2104 1021 2158 locum
1041 2103 1171 2158 obtinent
1190 2101 1336 2156 Chroni-

236 2169 385 2224 consilium
397 2169 574 2240 requirebat,
594 2171 676 2224 simul
689 2172 772 2225 adcu-
792 2176 869 2240 11,ἳῖ
884 2188 1002 2243 quorum
1015 2171 1106 2226 tribus
1120 2171 1196 2226 libris
1207 2185 1269 2222 cum
1279 2185 1333 2222 cx-

235 2238 369 2292 ratiorem
379 2239 521 2308 quandam
531 2240 625 2310 legum
636 2246 723 2310 atquc
732 2239 773 2292 in·
790 2245 914 2294 terarum
931 2239 1056 2309 gentium
1078 2244 1136 2292 tum
1154 2236 1336 2292 Graecorum

236 2306 397 2359 stitutorum
407 2306 556 2375 maiorum,
571 2309 639 2360 item
651 2308 693 2361 rei
702 2307 772 2360 mili-
791 2314 875 2376 atque
885 2309 1076 2361 Romanorum
1085 2323 1131 2360 res
1145 2302 1262 2358 maxime
1272 2320 1333 2356 me-

235 2373 304 2426 teris
327 2372 464 2425 notitiam.
499 2375 637 2428 Nimirum
659 2375 772 2426 omnino
790 2375 942 2428 morabiles
952 2375 1064 2427 videtur
1075 2373 1221 2442 amplexus
1231 2375 1333 2425 esse.2³

235 2439 387 2492 verisimile
401 2443 446 2491 est
477 2456 495 2492 a
512 2445 593 2508 patre
611 2437 701 2491 filium
717 2441 774 2492 iam
791 2440 941 2506 Nonnulli,
962 2439 1064 2507 quibus
1078 2439 1274 2493 accensendus
1290 2444 1335 2492 est

236 2505 338 2574 puerili
348 2509 442 2559 aetate
450 2477 690 2560 Nomamductum
700 2522 773 2573 esse,
791 2506 960 2574 Rankiusps
979 2521 1042 2557 eum
1056 2503 1146 2573 ligata
1160 2506 1290 2560 oratione
1303 2506 1333 2558 in
1358 2535 1359 2576 ,

198 2581 207 2588 '
235 2572 773 2643 ibiquedcindeeumtotamfercvitam
790 2571 826 2626 iis
851 2589 932 2625 usum
955 2587 1017 2626 esse
1041 2573 1225 2642 contendunt,
1254 2574 1333 2644 quod

236 2637 775 2709 consumpsisseinoptimisartiumlite·
791 2646 889 2710 aperte
913 2643 941 2693 et
964 2637 1122 2692 Catullusu
1148 2658 1241 2711 nugas
1266 2659 1334 2694 suas
1358 2617 1359 2684 l

235 2727 327 2763 rarum
349 2706 773 2779 uestudiis,maximopereiniis,
792 2723 855 2761 cum
866 2707 942 2760 iliius
953 2707 1045 2760 doctis
1055 2708 1241 2762 etlaboriosis
1252 2709 1334 2762 char·
1358 2699 1359 2760 ἶ

237 2792 337 2846 quaca
366 2776 514 2830 historiam
523 2777 700 2830 tractandam
711 2793 772 2845 spe·
791 2775 828 2828 tis
839 2775 1045 2844 comparaverit
1059 2780 1088 2829 et
1096 2773 1241 2830 Ausonius
1252 2793 1288 2830 ea
1299 2777 1336 2830 ad
1358 2781 1359 2838 g

236 2849 360 2912 clarent,
375 2839 531 2897 excitatum*
540 2853 570 2899 et
582 2844 710 2898 adiutum
719 2861 773 2898 usu
791 2843 981 2898 instituendos
995 2860 1100 2912 pueros
1115 2844 1333 2898 commendave-

236 2918 265 2965 et
275 2911 492 2977 consuetudine,
509 2927 582 2992 quae
596 2912 670 2966 inter
682 2911 774 2980 ipsum
791 2911 836 2964 rit.
873 2911 956 2975 Quod
974 2917 1038 2964 utut
1056 2915 1112 2979 est,
1130 2910 1160 2963 in
1179 2927 1213 2965 eo
1234 2928 1335 2965 omnes

235 2979 691 3048 intercedebaietAtticum,cuius
702 2980 773 3034 adeo
792 2979 852 3034 fere
867 2979 1056 3048 consentiunt,
1069 2977 1207 3032 Chronica
1217 2979 1269 3033 illa
1281 2980 1335 3033 cir-

237 3046 400 3102 domesticis
409 3047 495 3102 rebus
504 3053 622 3118 propter
631 3047 774 3102 familiari·
793 3047 862 3101 citer
875 3064 901 3102 a.
910 3045 945 3100 50
958 3065 983 3102 a.
995 3047 1058 3100 Chr.
1068 3065 1096 3100 n.
1110 3046 1245 3102 absoluta
1258 3064 1336 3126 csse,

235 3120 322 3169 tatem
333 3131 418 3185 saepe
429 3115 627 3171 seinterfuisse
637 3115 774 3170 aia1⁷Pa
793 3131 962 3186 quamquam
993 3131 1028 3170 ex
1059 3131 1133 3194 vage
1163 3113 1359 3184 Hieronymr3

235 3188 307 3237 trem
329 3189 424 3237 autem
446 3184 618 3254 locupletem
639 3183 728 3238 fuisse
746 3189 775 3238 et
792 3183 1165 3238 tlhron.Euseb.notatrone
1180 3182 1337 3236 adannum
1358 3199 1359 3228 r

236 3252 401 3320 opulentum
411 3252 457 3304 vel
466 3269 501 3306 ex
511 3269 545 3306 eo
556 3257 652 3318 potest
666 3251 773 3321 colligi,
792 3251 904 3321 Olymp.
914 3250 973 3318 185,
983 3249 998 3301 1
1008 3249 1119 3304 =4oa
1134 3248 1198 3304 Chr.
1208 3267 1249 3318 11.,
1267 3251 1337 3303 Cor·

236 3317 494 3388 quodfilioRomae
504 3319 585 3372 licuit
594 3334 656 3370 esse
665 3324 773 3376 remoto
966 3346 969 3354 ss
1086 3325 1090 3329 ’

235 3384 773 3454 apublicismuneribushonestissimo-
816 3407 842 3446 rs
859 3403 1071 3452 criminaretur,
1082 3405 1101 3444 e.
1358 3353 1359 3442 l

237 3468 292 3522 que
302 3453 357 3506 frui
366 3451 433 3506 0tio,
817 3458 841 3495 le
860 3457 886 3494 de
896 3456 940 3493 div.
950 3455 1019 3494 instit.
1029 3455 1068 3502 111,
1078 3457 1115 3504 15,
1125 3456 1158 3501 1⁰,
1172 3455 1210 3496 ubi
1224 3455 1339 3504 Nepotem
1358 3451 1359 3510 i

792 3506 891 3548 Ciceroni
901 3507 1013 3554 scripsisse
1023 3506 1102 3546 diserte
1112 3509 1217 3546 memorat
1226 3516 1262 3552 ee,
1275 3517 1339 3554 quae
1358 3525 1359 3544 r

790 3559 958 3607 fragmentorum
971 3568 994 3607 p.
1004 3558 1029 3597 91
1039 3557 1073 3598 ed.
1084 3559 1170 3598 nostres
1183 3557 1244 3598 tertio
1254 3560 1340 3606 posui-
1358 3559 1359 3604 l

234 3617 257 3656 p.
267 3607 309 3653 11.)
319 3607 346 3645 ed
355 3609 452 3646 extrema
461 3606 574 3648 Octaviani
584 3612 681 3660 ternpore
690 3611 772 3650 vixisse
790 3619 839 3648 rnus
848 3609 905 3647 loco.
1358 3639 1359 3642 ,

235 3661 339 3698 statuunt.
346 3657 448 3698 Ceterum
453 3659 479 3696 de
484 3661 559 3700 mortis
568 3672 646 3709 genere
652 3663 772 3712 nihilpror-
816 3661 841 3699 10
858 3659 908 3698 Vid.
918 3669 981 3708 supra
990 3659 1063 3700 adnot.
1073 3661 1093 3700 Β.

235 3719 272 3746 sus
282 3711 414 3758 compertum
423 3709 537 3757 habemus,
548 3723 598 3752 num
611 3723 624 3751 e
638 3712 772 3752 Callisthene
815 3712 840 3750 11
859 3709 893 3748 Oi.
904 3710 1191 3760 itinckiusrp.130rh.p.1..

235 3758 313 3798 liberto
318 3762 409 3800 venenis
419 3771 467 3800 eum
477 3767 599 3812 corruptum
605 3764 772 3803 oblisscmerum
815 3763 840 3800 11
858 3761 907 3801 Vid.
919 3761 1001 3803 (icilius
1010 3761 1037 3802 N.
1046 3762 1075 3801 A.
1082 3761 1151 3811 xvii,
1161 3764 1194 3804 11.
1209 3762 1280 3804 solini
1290 3763 1338 3803 Po-

235 3811 269 3848 est
283 3815 426 3850 commentum
435 3813 453 3851 i.
463 3812 490 3851 Α.
500 3813 591 3853 Fabricii
605 3815 717 3861 (Biblioth.
732 3814 770 3852 lut.
780 3812 864 3863 liyhist.
874 3814 894 3851 1.
905 3815 927 3852 et
936 3815 969 3852 40.

235 3863 251 3897 t.
261 3861 279 3898 1.
289 3871 311 3908 p.
321 3863 358 3901 101
369 3863 402 3901 cd.
417 3863 523 3912 Ernesti),
539 3867 575 3913 qni
590 3865 645 3904 mais
658 3865 771 3914 perspexit
815 3865 840 3903 13
858 3865 891 3903 Ita
900 3865 944 3904 iere
954 3865 1128 3906 Luetkenhuslus
1137 3876 1159 3914 p.
1170 3863 1195 3904 19
1205 3865 1227 3904 et
1236 3863 1337 3906 Heldins

236 3910 306 3950 iocum
315 3912 422 3954 Plutarchi
432 3916 454 3954 in
464 3916 555 3955 Lucullo
565 3926 584 3955 c.
595 3916 628 3954 43.
789 3915 874 3964 Proles.
884 3927 906 3964 p.
916 3917 949 3954 13.

260 3963 285 4000 16
304 3961 338 4001 Oi.
349 3965 393 4004 vlt.
403 3966 472 4006 Attici
481 3969 500 4016 1,
512 3969 531 4006 1.
815 3969 840 4006 14
858 3967 884 4004 de
895 3965 920 4006 G.
929 3967 956 4005 N.
967 3969 1013 4006 vita
1022 3969 1044 4006 ei
1053 3968 1127 4016 script.
1137 3977 1159 4018 p.
1168 3967 1201 4006 37.

254 4013 284 4052 Ι17
302 4013 355 4054 ibid.
365 4018 396 4065 13,
407 4019 426 4056 1.
815 4019 840 4058 11
857 4017 906 4058 vid.
917 4017 989 4058 adnot.
1000 4020 1032 4058 11.

238 3557 403 3567 m..
