<?xml version="1.0" encoding="UTF-8"?>
<!DOCTYPE html PUBLIC "-//W3C//DTD XHTML 1.0 Transitional//EN"
    "http://www.w3.org/TR/xhtml1/DTD/xhtml1-transitional.dtd">
<html xmlns="http://www.w3.org/1999/xhtml" xml:lang="en" lang="en">
 <head>
  <title>
</title>
<meta http-equiv="Content-Type" content="text/html;charset=utf-8" />
  <meta name='ocr-system' content='tesseract 3.04.00' />
  <meta name='ocr-capabilities' content='ocr_page ocr_carea ocr_par ocr_line ocrx_word'/>
</head>
<body>
  <div class='ocr_page' id='page_1' title='image "./corneliinepotis22nepogoog_0055.png"; bbox 0 0 2732 4722; ppageno 0'>
   <div class='ocr_carea' id='block_1_1' title="bbox 272 267 1002 332">
    <p class='ocr_par' dir='ltr' id='par_1_1' title="bbox 272 267 1002 332">
     <span class='ocr_line' id='line_1_1' title="bbox 272 267 1002 332; baseline -0.005 0"><span class='ocrx_word' id='word_1_1' title='bbox 272 267 314 332; x_wconf 75' lang='lat'>32</span> <span class='ocrx_word' id='word_1_2' title='bbox 603 271 789 332; x_wconf 77' lang='lat' dir='ltr'><strong>CORNELII</strong></span> <span class='ocrx_word' id='word_1_3' title='bbox 802 269 968 329; x_wconf 83' lang='lat' dir='ltr'>NEPOTIS</span> <span class='ocrx_word' id='word_1_4' title='bbox 999 316 1002 328; x_wconf 91' lang='grc'><em>,</em></span> 
     </span>
    </p>
   </div>
   <div class='ocr_carea' id='block_1_2' title="bbox 270 385 1311 854">
    <p class='ocr_par' dir='ltr' id='par_1_2' title="bbox 270 385 1311 854">
     <span class='ocr_line' id='line_1_2' title="bbox 270 385 1309 475; baseline -0.004 -18"><span class='ocrx_word' id='word_1_5' title='bbox 270 394 376 457; x_wconf 90' lang='lat' dir='ltr'>minus</span> <span class='ocrx_word' id='word_1_6' title='bbox 393 398 520 475; x_wconf 87' lang='lat' dir='ltr'>propter</span> <span class='ocrx_word' id='word_1_7' title='bbox 537 409 641 454; x_wconf 90' lang='lat' dir='ltr'>mores</span> <span class='ocrx_word' id='word_1_8' title='bbox 659 409 755 471; x_wconf 87' lang='lat' dir='ltr'>quam</span> <span class='ocrx_word' id='word_1_9' title='bbox 772 385 967 452; x_wconf 85' lang='lat' dir='ltr'>affinitatem.</span> <span class='ocrx_word' id='word_1_10' title='bbox 995 409 1131 472; x_wconf 91' lang='lat' dir='ltr'>namque</span> <span class='ocrx_word' id='word_1_11' title='bbox 1149 387 1210 452; x_wconf 88' lang='lat' dir='ltr'>etsi</span> <span class='ocrx_word' id='word_1_12' title='bbox 1221 386 1309 454; x_wconf 87' lang='lat' dir='ltr'>Dio·</span> 
     </span>
     <span class='ocr_line' id='line_1_3' title="bbox 271 481 1311 572; baseline -0.005 -21"><span class='ocrx_word' id='word_1_13' title='bbox 271 486 354 572; x_wconf 89' lang='lat' dir='ltr'>nysii</span> <span class='ocrx_word' id='word_1_14' title='bbox 372 483 539 549; x_wconf 88' lang='lat' dir='ltr'>crudelitas</span> <span class='ocrx_word' id='word_1_15' title='bbox 558 483 588 547; x_wconf 91' lang='lat' dir='ltr'>ei</span> <span class='ocrx_word' id='word_1_16' title='bbox 608 481 807 567; x_wconf 78' lang='lat' dir='ltr'>displicebat,</span> <span class='ocrx_word' id='word_1_17' title='bbox 830 490 937 546; x_wconf 87' lang='lat' dir='ltr'>tamen</span> <span class='ocrx_word' id='word_1_18' title='bbox 959 481 1082 546; x_wconf 81' lang='lat' dir='ltr'>salvum</span> <span class='ocrx_word' id='word_1_19' title='bbox 1104 491 1233 565; x_wconf 85' lang='lat' dir='ltr'>propter</span> <span class='ocrx_word' id='word_1_20' title='bbox 1250 505 1311 546; x_wconf 90' lang='lat' dir='ltr'>ne-</span> 
     </span>
     <span class='ocr_line' id='line_1_4' title="bbox 272 575 1311 662; baseline -0.006 -17"><span class='ocrx_word' id='word_1_21' title='bbox 272 579 504 656; x_wconf 87' lang='lat' dir='ltr'>cessitudinem,</span> <span class='ocrx_word' id='word_1_22' title='bbox 524 577 626 662; x_wconf 88' lang='lat' dir='ltr'>magis</span> <span class='ocrx_word' id='word_1_23' title='bbox 644 577 739 641; x_wconf 89' lang='lat' dir='ltr'>etiam</span> <span class='ocrx_word' id='word_1_24' title='bbox 756 596 886 639; x_wconf 89' lang='lat' dir='ltr'>suorum</span> <span class='ocrx_word' id='word_1_25' title='bbox 903 597 1026 651; x_wconf 78' lang='lat' dir='ltr'>caussa,</span> <span class='ocrx_word' id='word_1_26' title='bbox 1045 575 1201 640; x_wconf 78' lang='lat' dir='ltr'>studebat</span> <span class='ocrx_word' id='word_1_27' title='bbox 1229 576 1311 640; x_wconf 90' lang='lat' dir='ltr'>ade-</span> 
     </span>
     <span class='ocr_line' id='line_1_5' title="bbox 271 667 1311 759; baseline -0.005 -20"><span class='ocrx_word' id='word_1_28' title='bbox 271 683 320 739; x_wconf 89' lang='lat' dir='ltr'>rat</span> <span class='ocrx_word' id='word_1_29' title='bbox 336 674 371 738; x_wconf 90' lang='lat' dir='ltr'>in</span> <span class='ocrx_word' id='word_1_30' title='bbox 388 672 512 759; x_wconf 86' lang='lat' dir='ltr'>magnis</span> <span class='ocrx_word' id='word_1_31' title='bbox 529 671 638 747; x_wconf 90' lang='lat' dir='ltr'>rebus,</span> <span class='ocrx_word' id='word_1_32' title='bbox 662 670 793 752; x_wconf 90' lang='lat' dir='ltr'>eiusque</span> <span class='ocrx_word' id='word_1_33' title='bbox 814 668 944 734; x_wconf 86' lang='lat' dir='ltr'>consilio</span> <span class='ocrx_word' id='word_1_34' title='bbox 962 668 1096 732; x_wconf 91' lang='lat' dir='ltr'>multum</span> <span class='ocrx_word' id='word_1_35' title='bbox 1117 667 1311 734; x_wconf 86' lang='lat' dir='ltr'>movebatur</span> 
     </span>
     <span class='ocr_line' id='line_1_6' title="bbox 272 761 1308 854; baseline -0.004 -22"><span class='ocrx_word' id='word_1_36' title='bbox 272 779 435 854; x_wconf 86' lang='lat' dir='ltr'>tyrannus,</span> <span class='ocrx_word' id='word_1_37' title='bbox 452 766 586 849; x_wconf 85' lang='lat' dir='ltr'>nisiqua</span> <span class='ocrx_word' id='word_1_38' title='bbox 597 766 672 830; x_wconf 89' lang='lat' dir='ltr'>inre</span> <span class='ocrx_word' id='word_1_39' title='bbox 681 764 781 828; x_wconf 88' lang='lat' dir='ltr'>maior</span> <span class='ocrx_word' id='word_1_40' title='bbox 788 763 888 848; x_wconf 89' lang='lat' dir='ltr'>ipsius</span> <span class='ocrx_word' id='word_1_41' title='bbox 902 761 1058 847; x_wconf 85' lang='lat' dir='ltr'>cupiditas</span> <span class='ocrx_word' id='word_1_42' title='bbox 1071 763 1308 828; x_wconf 82' lang='lat' dir='ltr'>intercesserat.</span> 
     </span>
    </p>
   </div>
   <div class='ocr_carea' id='block_1_3' title="bbox 129 856 1310 948">
    <p class='ocr_par' dir='ltr' id='par_1_3' title="bbox 129 856 1310 948">
     <span class='ocr_line' id='line_1_7' title="bbox 129 856 1310 948; baseline -0.003 -22"><span class='ocrx_word' id='word_1_43' title='bbox 129 875 132 882; x_wconf 83' lang='grc'><strong>“</strong></span> <span class='ocrx_word' id='word_1_44' title='bbox 238 881 255 926; x_wconf 84' lang='lat'>4</span> <span class='ocrx_word' id='word_1_45' title='bbox 272 863 446 948; x_wconf 84' lang='lat' dir='ltr'>legationes</span> <span class='ocrx_word' id='word_1_46' title='bbox 463 881 538 924; x_wconf 87' lang='lat' dir='ltr'>vero</span> <span class='ocrx_word' id='word_1_47' title='bbox 556 880 680 936; x_wconf 91' lang='lat' dir='ltr'>omnes,</span> <span class='ocrx_word' id='word_1_48' title='bbox 703 879 785 946; x_wconf 84' lang='lat' dir='ltr'>quae</span> <span class='ocrx_word' id='word_1_49' title='bbox 803 867 909 922; x_wconf 85' lang='lat' dir='ltr'>essent</span> <span class='ocrx_word' id='word_1_50' title='bbox 925 856 1125 935; x_wconf 79' lang='lat' dir='ltr'>illustriores,</span> <span class='ocrx_word' id='word_1_51' title='bbox 1147 879 1204 942; x_wconf 91' lang='lat' dir='ltr'>per</span> <span class='ocrx_word' id='word_1_52' title='bbox 1220 857 1310 923; x_wconf 89' lang='lat' dir='ltr'>Dio-</span> 
     </span>
    </p>
   </div>
   <div class='ocr_carea' id='block_1_4' title="bbox 273 949 1311 1131">
    <p class='ocr_par' dir='ltr' id='par_1_4' title="bbox 273 949 1311 1131">
     <span class='ocr_line' id='line_1_8' title="bbox 273 949 1309 1038; baseline -0.004 -17"><span class='ocrx_word' id='word_1_53' title='bbox 273 979 346 1021; x_wconf 86' lang='lat' dir='ltr'>nem</span> <span class='ocrx_word' id='word_1_54' title='bbox 356 952 665 1031; x_wconf 84' lang='lat' dir='ltr'>administrabantur3</span> <span class='ocrx_word' id='word_1_55' title='bbox 680 973 759 1036; x_wconf 85' lang='lat' dir='ltr'>quas</span> <span class='ocrx_word' id='word_1_56' title='bbox 773 951 901 1034; x_wconf 92' lang='lat' dir='ltr'>quidem</span> <span class='ocrx_word' id='word_1_57' title='bbox 909 951 962 1016; x_wconf 94' lang='lat' dir='ltr'>ille</span> <span class='ocrx_word' id='word_1_58' title='bbox 971 951 1136 1038; x_wconf 84' lang='lat' dir='ltr'>diligenter</span> <span class='ocrx_word' id='word_1_59' title='bbox 1145 949 1309 1029; x_wconf 90' lang='lat' dir='ltr'>obeundo,</span> 
     </span>
     <span class='ocr_line' id='line_1_9' title="bbox 273 1046 1311 1131; baseline -0.003 -17"><span class='ocrx_word' id='word_1_60' title='bbox 273 1049 406 1115; x_wconf 88' lang='lat' dir='ltr'>fideliter</span> <span class='ocrx_word' id='word_1_61' title='bbox 428 1047 673 1112; x_wconf 87' lang='lat' dir='ltr'>administrando</span> <span class='ocrx_word' id='word_1_62' title='bbox 696 1046 949 1112; x_wconf 86' lang='lat' dir='ltr'>crudelissimum</span> <span class='ocrx_word' id='word_1_63' title='bbox 965 1067 1082 1112; x_wconf 90' lang='lat' dir='ltr'>nomen</span> <span class='ocrx_word' id='word_1_64' title='bbox 1103 1046 1227 1131; x_wconf 84' lang='lat' dir='ltr'>tyranni</span> <span class='ocrx_word' id='word_1_65' title='bbox 1249 1071 1311 1114; x_wconf 87' lang='lat' dir='ltr'>sua</span> 
     </span>
    </p>
   </div>
   <div class='ocr_carea' id='block_1_5' title="bbox 143 1139 1313 1228">
    <p class='ocr_par' dir='ltr' id='par_1_5' title="bbox 143 1139 1313 1228">
     <span class='ocr_line' id='line_1_10' title="bbox 143 1139 1313 1228; baseline -0.005 -18"><span class='ocrx_word' id='word_1_66' title='bbox 143 1139 146 1146; x_wconf 79' lang='grc'><strong>’</strong></span> <span class='ocrx_word' id='word_1_67' title='bbox 240 1159 258 1211; x_wconf 81' lang='lat'>5.</span> <span class='ocrx_word' id='word_1_68' title='bbox 273 1143 466 1208; x_wconf 85' lang='lat' dir='ltr'>humanitate</span> <span class='ocrx_word' id='word_1_69' title='bbox 489 1141 624 1228; x_wconf 88' lang='lat' dir='ltr'>tegebat.</span> <span class='ocrx_word' id='word_1_70' title='bbox 652 1141 778 1206; x_wconf 87' lang='lat' dir='ltr'>hune-a</span> <span class='ocrx_word' id='word_1_71' title='bbox 799 1139 957 1226; x_wconf 88' lang='lat' dir='ltr'>Dionysio</span> <span class='ocrx_word' id='word_1_72' title='bbox 979 1141 1113 1206; x_wconf 85' lang='lat' dir='ltr'>missum</span> <span class='ocrx_word' id='word_1_73' title='bbox 1136 1139 1313 1227; x_wconf 86' lang='lat' dir='ltr'>Carthagi-</span> 
     </span>
    </p>
   </div>
   <div class='ocr_carea' id='block_1_6' title="bbox 177 1232 1348 4032">
    <p class='ocr_par' dir='ltr' id='par_1_6' title="bbox 272 1232 1312 1321">
     <span class='ocr_line' id='line_1_11' title="bbox 272 1232 1312 1321; baseline -0.002 -21"><span class='ocrx_word' id='word_1_74' title='bbox 272 1237 398 1300; x_wconf 87' lang='lat' dir='ltr'>nienses</span> <span class='ocrx_word' id='word_1_75' title='bbox 417 1244 639 1321; x_wconf 87' lang='lat' dir='ltr'>suspexerunt,</span> <span class='ocrx_word' id='word_1_76' title='bbox 658 1244 694 1299; x_wconf 91' lang='lat' dir='ltr'>ut</span> <span class='ocrx_word' id='word_1_77' title='bbox 710 1234 868 1300; x_wconf 90' lang='lat' dir='ltr'>neminem</span> <span class='ocrx_word' id='word_1_78' title='bbox 885 1256 1037 1318; x_wconf 90' lang='lat' dir='ltr'>umquam</span> <span class='ocrx_word' id='word_1_79' title='bbox 1055 1232 1178 1300; x_wconf 85' lang='lat' dir='ltr'>Graeca</span> <span class='ocrx_word' id='word_1_80' title='bbox 1194 1233 1312 1320; x_wconf 87' lang='lat' dir='ltr'>lingua</span> 
     </span>
    </p>

    <p class='ocr_par' dir='ltr' id='par_1_7' title="bbox 177 1328 827 1420">
     <span class='ocr_line' id='line_1_12' title="bbox 177 1328 827 1420; baseline -0.002 -27"><span class='ocrx_word' id='word_1_81' title='bbox 177 1411 186 1420; x_wconf 65' lang='lat'>„</span> <span class='ocrx_word' id='word_1_82' title='bbox 273 1331 454 1413; x_wconf 88' lang='lat' dir='ltr'>loquentem</span> <span class='ocrx_word' id='word_1_83' title='bbox 471 1330 573 1417; x_wconf 86' lang='lat' dir='ltr'>magis</span> <span class='ocrx_word' id='word_1_84' title='bbox 593 1329 655 1395; x_wconf 92' lang='lat' dir='ltr'>sint</span> <span class='ocrx_word' id='word_1_85' title='bbox 673 1328 827 1394; x_wconf 86' lang='lat' dir='ltr'>admirati.</span> 
     </span>
    </p>

    <p class='ocr_par' dir='ltr' id='par_1_8' title="bbox 242 1421 1314 1698">
     <span class='ocr_line' id='line_1_13' title="bbox 242 1421 1313 1508; baseline 0 -22"><span class='ocrx_word' id='word_1_86' title='bbox 242 1441 255 1486; x_wconf 95' lang='lat'>1</span> <span class='ocrx_word' id='word_1_87' title='bbox 326 1424 371 1488; x_wconf 88' lang='lat' dir='ltr'>H.</span> <span class='ocrx_word' id='word_1_88' title='bbox 398 1423 509 1508; x_wconf 87' lang='lat' dir='ltr'>Neque</span> <span class='ocrx_word' id='word_1_89' title='bbox 523 1445 597 1490; x_wconf 87' lang='lat' dir='ltr'>vero</span> <span class='ocrx_word' id='word_1_90' title='bbox 611 1424 690 1488; x_wconf 89' lang='lat' dir='ltr'>haec</span> <span class='ocrx_word' id='word_1_91' title='bbox 702 1423 894 1508; x_wconf 87' lang='lat' dir='ltr'>Dionysium</span> <span class='ocrx_word' id='word_1_92' title='bbox 907 1421 1080 1508; x_wconf 81' lang='lat' dir='ltr'>fugiebant.</span> <span class='ocrx_word' id='word_1_93' title='bbox 1098 1443 1173 1486; x_wconf 92' lang='lat' dir='ltr'>nam</span> <span class='ocrx_word' id='word_1_94' title='bbox 1187 1432 1313 1504; x_wconf 87' lang='lat' dir='ltr'>quanto</span> 
     </span>
     <span class='ocr_line' id='line_1_14' title="bbox 275 1518 1314 1602; baseline -0.002 -18"><span class='ocrx_word' id='word_1_95' title='bbox 275 1529 359 1584; x_wconf 89' lang='lat' dir='ltr'>esset</span> <span class='ocrx_word' id='word_1_96' title='bbox 382 1519 442 1584; x_wconf 85' lang='lat' dir='ltr'>sibi</span> <span class='ocrx_word' id='word_1_97' title='bbox 469 1527 652 1584; x_wconf 89' lang='lat' dir='ltr'>ornamento</span> <span class='ocrx_word' id='word_1_98' title='bbox 675 1519 837 1584; x_wconf 84' lang='lat' dir='ltr'>sentiebat.</span> <span class='ocrx_word' id='word_1_99' title='bbox 872 1540 936 1602; x_wconf 89' lang='lat' dir='ltr'>quo</span> <span class='ocrx_word' id='word_1_100' title='bbox 956 1518 1066 1595; x_wconf 86' lang='lat' dir='ltr'>fiebat,</span> <span class='ocrx_word' id='word_1_101' title='bbox 1093 1527 1128 1583; x_wconf 89' lang='lat' dir='ltr'>ut</span> <span class='ocrx_word' id='word_1_102' title='bbox 1152 1519 1207 1584; x_wconf 92' lang='lat' dir='ltr'>uni</span> <span class='ocrx_word' id='word_1_103' title='bbox 1230 1518 1314 1583; x_wconf 90' lang='lat' dir='ltr'>huic</span> 
     </span>
     <span class='ocr_line' id='line_1_15' title="bbox 274 1611 1314 1698; baseline -0.001 -21"><span class='ocrx_word' id='word_1_104' title='bbox 274 1614 411 1679; x_wconf 85' lang='lat' dir='ltr'>maxime</span> <span class='ocrx_word' id='word_1_105' title='bbox 433 1613 610 1696; x_wconf 87' lang='lat' dir='ltr'>indulgeret</span> <span class='ocrx_word' id='word_1_106' title='bbox 630 1633 733 1693; x_wconf 91' lang='lat' dir='ltr'>neque</span> <span class='ocrx_word' id='word_1_107' title='bbox 755 1634 828 1676; x_wconf 93' lang='lat' dir='ltr'>eum</span> <span class='ocrx_word' id='word_1_108' title='bbox 851 1634 942 1677; x_wconf 86' lang='lat' dir='ltr'>secus</span> <span class='ocrx_word' id='word_1_109' title='bbox 965 1611 1109 1698; x_wconf 88' lang='lat' dir='ltr'>diligeret</span> <span class='ocrx_word' id='word_1_110' title='bbox 1130 1635 1167 1677; x_wconf 90' lang='lat' dir='ltr'>ac</span> <span class='ocrx_word' id='word_1_111' title='bbox 1188 1612 1314 1690; x_wconf 84' lang='lat' dir='ltr'>filium3</span> 
     </span>
    </p>

    <p class='ocr_par' dir='ltr' id='par_1_9' title="bbox 240 1703 1348 2073">
     <span class='ocr_line' id='line_1_16' title="bbox 240 1703 1348 1790; baseline 0.003 -22"><span class='ocrx_word' id='word_1_112' title='bbox 240 1721 256 1768; x_wconf 75' lang='lat' dir='ltr'>a</span> <span class='ocrx_word' id='word_1_113' title='bbox 275 1706 479 1790; x_wconf 90' lang='lat' dir='ltr'>quiquidem,</span> <span class='ocrx_word' id='word_1_114' title='bbox 498 1726 570 1768; x_wconf 89' lang='lat' dir='ltr'>cum</span> <span class='ocrx_word' id='word_1_115' title='bbox 583 1703 751 1767; x_wconf 86' lang='lat' dir='ltr'>Platonem</span> <span class='ocrx_word' id='word_1_116' title='bbox 765 1704 939 1769; x_wconf 86' lang='lat' dir='ltr'>Tarentum</span> <span class='ocrx_word' id='word_1_117' title='bbox 956 1707 1083 1772; x_wconf 86' lang='lat' dir='ltr'>venisse</span> <span class='ocrx_word' id='word_1_118' title='bbox 1101 1707 1188 1771; x_wconf 82' lang='lat' dir='ltr'>fama</span> <span class='ocrx_word' id='word_1_119' title='bbox 1204 1707 1239 1769; x_wconf 91' lang='lat' dir='ltr'>in</span> <span class='ocrx_word' id='word_1_120' title='bbox 1255 1706 1316 1771; x_wconf 79' lang='lat' dir='ltr'>si·</span> <span class='ocrx_word' id='word_1_121' title='bbox 1347 1783 1348 1788; x_wconf 8' lang='grc' dir='ltr'>η</span> 
     </span>
     <span class='ocr_line' id='line_1_17' title="bbox 275 1789 1348 1884; baseline 0 -20"><span class='ocrx_word' id='word_1_122' title='bbox 275 1799 378 1864; x_wconf 83' lang='lat' dir='ltr'>cilium</span> <span class='ocrx_word' id='word_1_123' title='bbox 397 1806 481 1862; x_wconf 87' lang='lat' dir='ltr'>esset</span> <span class='ocrx_word' id='word_1_124' title='bbox 496 1796 624 1880; x_wconf 86' lang='lat' dir='ltr'>perlata,</span> <span class='ocrx_word' id='word_1_125' title='bbox 644 1795 835 1860; x_wconf 85' lang='lat' dir='ltr'>adolescenti</span> <span class='ocrx_word' id='word_1_126' title='bbox 847 1819 964 1881; x_wconf 88' lang='lat' dir='ltr'>negare</span> <span class='ocrx_word' id='word_1_127' title='bbox 981 1822 1046 1863; x_wconf 91' lang='lat' dir='ltr'>non</span> <span class='ocrx_word' id='word_1_128' title='bbox 1062 1801 1207 1884; x_wconf 82' lang='lat' dir='ltr'>potuerit,</span> <span class='ocrx_word' id='word_1_129' title='bbox 1228 1802 1319 1883; x_wconf 90' lang='lat' dir='ltr'>quin</span> <span class='ocrx_word' id='word_1_130' title='bbox 1347 1789 1348 1796; x_wconf 9' lang='grc' dir='ltr'>ἵ</span> 
     </span>
     <span class='ocr_line' id='line_1_18' title="bbox 275 1887 1321 1979; baseline 0.001 -22"><span class='ocrx_word' id='word_1_131' title='bbox 275 1917 348 1957; x_wconf 91' lang='lat' dir='ltr'>eum</span> <span class='ocrx_word' id='word_1_132' title='bbox 366 1897 546 1964; x_wconf 81' lang='lat' dir='ltr'>accerseret,</span> <span class='ocrx_word' id='word_1_133' title='bbox 566 1911 638 1952; x_wconf 89' lang='lat' dir='ltr'>cum</span> <span class='ocrx_word' id='word_1_134' title='bbox 647 1887 735 1952; x_wconf 92' lang='lat' dir='ltr'>Dion</span> <span class='ocrx_word' id='word_1_135' title='bbox 753 1889 820 1952; x_wconf 86' lang='lat' dir='ltr'>eius</span> <span class='ocrx_word' id='word_1_136' title='bbox 838 1891 986 1954; x_wconf 89' lang='lat' dir='ltr'>audiendi</span> <span class='ocrx_word' id='word_1_137' title='bbox 1004 1893 1173 1974; x_wconf 89' lang='lat' dir='ltr'>cupiditate</span> <span class='ocrx_word' id='word_1_138' title='bbox 1191 1893 1321 1979; x_wconf 84' lang='lat' dir='ltr'>fiagra-</span> 
     </span>
     <span class='ocr_line' id='line_1_19' title="bbox 271 1980 1323 2073; baseline 0.004 -26"><span class='ocrx_word' id='word_1_139' title='bbox 271 1993 329 2047; x_wconf 89' lang='lat' dir='ltr'>ret.</span> <span class='ocrx_word' id='word_1_140' title='bbox 357 1982 443 2044; x_wconf 89' lang='lat' dir='ltr'>dedit</span> <span class='ocrx_word' id='word_1_141' title='bbox 455 2002 530 2065; x_wconf 89' lang='lat' dir='ltr'>ergo</span> <span class='ocrx_word' id='word_1_142' title='bbox 543 1980 618 2044; x_wconf 92' lang='lat' dir='ltr'>huic</span> <span class='ocrx_word' id='word_1_143' title='bbox 631 1981 756 2045; x_wconf 89' lang='lat' dir='ltr'>veniam</span> <span class='ocrx_word' id='word_1_144' title='bbox 770 2003 948 2068; x_wconf 89' lang='lat' dir='ltr'>magnaque</span> <span class='ocrx_word' id='word_1_145' title='bbox 966 2003 1039 2046; x_wconf 91' lang='lat' dir='ltr'>eum</span> <span class='ocrx_word' id='word_1_146' title='bbox 1057 1984 1227 2049; x_wconf 89' lang='lat' dir='ltr'>ambitione</span> <span class='ocrx_word' id='word_1_147' title='bbox 1243 1985 1323 2073; x_wconf 80' lang='lat' dir='ltr'>Sy-</span> 
     </span>
    </p>

    <p class='ocr_par' dir='ltr' id='par_1_10' title="bbox 240 2073 1348 2440">
     <span class='ocr_line' id='line_1_20' title="bbox 240 2073 1325 2161; baseline 0.007 -25"><span class='ocrx_word' id='word_1_148' title='bbox 240 2090 401 2142; x_wconf 81' lang='lat' dir='ltr'>araeusas</span> <span class='ocrx_word' id='word_1_149' title='bbox 423 2074 579 2160; x_wconf 83' lang='lat' dir='ltr'>perduxit.</span> <span class='ocrx_word' id='word_1_150' title='bbox 611 2095 706 2158; x_wconf 92' lang='lat' dir='ltr'>quem</span> <span class='ocrx_word' id='word_1_151' title='bbox 726 2073 815 2139; x_wconf 90' lang='lat' dir='ltr'>Dion</span> <span class='ocrx_word' id='word_1_152' title='bbox 837 2075 916 2140; x_wconf 80' lang='lat' dir='ltr'>adeo</span> <span class='ocrx_word' id='word_1_153' title='bbox 938 2074 1109 2140; x_wconf 86' lang='lat' dir='ltr'>admiratus</span> <span class='ocrx_word' id='word_1_154' title='bbox 1132 2085 1181 2138; x_wconf 87' lang='lat' dir='ltr'>est</span> <span class='ocrx_word' id='word_1_155' title='bbox 1206 2087 1325 2161; x_wconf 85' lang='lat' dir='ltr'>atque</span> 
     </span>
     <span class='ocr_line' id='line_1_21' title="bbox 274 2165 1348 2254; baseline 0 -18"><span class='ocrx_word' id='word_1_156' title='bbox 274 2169 442 2246; x_wconf 86' lang='lat' dir='ltr'>adamavit,</span> <span class='ocrx_word' id='word_1_157' title='bbox 460 2177 496 2233; x_wconf 92' lang='lat' dir='ltr'>ut</span> <span class='ocrx_word' id='word_1_158' title='bbox 509 2190 543 2234; x_wconf 91' lang='lat' dir='ltr'>se</span> <span class='ocrx_word' id='word_1_159' title='bbox 558 2169 587 2233; x_wconf 91' lang='lat' dir='ltr'>ei</span> <span class='ocrx_word' id='word_1_160' title='bbox 599 2175 701 2234; x_wconf 85' lang='lat' dir='ltr'>totum</span> <span class='ocrx_word' id='word_1_161' title='bbox 717 2169 862 2234; x_wconf 86' lang='lat' dir='ltr'>traderet.</span> <span class='ocrx_word' id='word_1_162' title='bbox 889 2189 992 2252; x_wconf 91' lang='lat' dir='ltr'>neque</span> <span class='ocrx_word' id='word_1_163' title='bbox 1004 2189 1078 2233; x_wconf 88' lang='lat' dir='ltr'>vero</span> <span class='ocrx_word' id='word_1_164' title='bbox 1092 2169 1195 2232; x_wconf 90' lang='lat' dir='ltr'>minus</span> <span class='ocrx_word' id='word_1_165' title='bbox 1208 2165 1328 2236; x_wconf 88' lang='lat' dir='ltr'>Plato</span> <span class='ocrx_word' id='word_1_166' title='bbox 1347 2191 1348 2254; x_wconf 56' lang='grc' dir='ltr'><em>ἣ</em></span> 
     </span>
     <span class='ocr_line' id='line_1_22' title="bbox 274 2259 1324 2346; baseline -0.002 -18"><span class='ocrx_word' id='word_1_167' title='bbox 274 2263 447 2329; x_wconf 87' lang='lat' dir='ltr'>delectatus</span> <span class='ocrx_word' id='word_1_168' title='bbox 461 2272 509 2329; x_wconf 89' lang='lat' dir='ltr'>est</span> <span class='ocrx_word' id='word_1_169' title='bbox 521 2262 636 2328; x_wconf 89' lang='lat' dir='ltr'>Dione.</span> <span class='ocrx_word' id='word_1_170' title='bbox 664 2263 770 2346; x_wconf 83' lang='lat' dir='ltr'>ita&#39;que</span> <span class='ocrx_word' id='word_1_171' title='bbox 784 2259 856 2328; x_wconf 86' lang='lat' dir='ltr'>oum</span> <span class='ocrx_word' id='word_1_172' title='bbox 873 2285 892 2326; x_wconf 89' lang='lat' dir='ltr'>a</span> <span class='ocrx_word' id='word_1_173' title='bbox 909 2271 1041 2346; x_wconf 82' lang='lat' dir='ltr'>tyranno</span> <span class='ocrx_word' id='word_1_174' title='bbox 1055 2260 1219 2326; x_wconf 89' lang='lat' dir='ltr'>crudeliter</span> <span class='ocrx_word' id='word_1_175' title='bbox 1237 2260 1324 2326; x_wconf 90' lang='lat' dir='ltr'>vio-</span> 
     </span>
     <span class='ocr_line' id='line_1_23' title="bbox 273 2350 1321 2440; baseline -0.002 -20"><span class='ocrx_word' id='word_1_176' title='bbox 273 2358 356 2421; x_wconf 89' lang='lat' dir='ltr'>latus</span> <span class='ocrx_word' id='word_1_177' title='bbox 375 2365 473 2433; x_wconf 90' lang='lat' dir='ltr'>esset,</span> <span class='ocrx_word' id='word_1_178' title='bbox 497 2357 614 2440; x_wconf 89' lang='lat' dir='ltr'>quippe</span> <span class='ocrx_word' id='word_1_179' title='bbox 632 2378 727 2438; x_wconf 91' lang='lat' dir='ltr'>quem</span> <span class='ocrx_word' id='word_1_180' title='bbox 749 2355 933 2420; x_wconf 88' lang='lat' dir='ltr'>venumdari</span> <span class='ocrx_word' id='word_1_181' title='bbox 949 2354 1107 2431; x_wconf 89' lang='lat' dir='ltr'>iussisset,</span> <span class='ocrx_word' id='word_1_182' title='bbox 1130 2350 1237 2418; x_wconf 81' lang='lat' dir='ltr'>tamen</span> <span class='ocrx_word' id='word_1_183' title='bbox 1255 2375 1321 2418; x_wconf 88' lang='lat' dir='ltr'>eo-</span> 
     </span>
    </p>

    <p class='ocr_par' dir='ltr' id='par_1_11' title="bbox 239 2447 1319 3000">
     <span class='ocr_line' id='line_1_24' title="bbox 239 2447 1319 2532; baseline 0 -20"><span class='ocrx_word' id='word_1_184' title='bbox 239 2451 348 2514; x_wconf 70' lang='lat' dir='ltr'>sdem</span> <span class='ocrx_word' id='word_1_185' title='bbox 365 2449 457 2514; x_wconf 89' lang='lat' dir='ltr'>rediit</span> <span class='ocrx_word' id='word_1_186' title='bbox 479 2450 621 2514; x_wconf 88' lang='lat' dir='ltr'>eiusdem</span> <span class='ocrx_word' id='word_1_187' title='bbox 637 2449 754 2513; x_wconf 86' lang='lat' dir='ltr'>Dionis</span> <span class='ocrx_word' id='word_1_188' title='bbox 771 2449 917 2532; x_wconf 87' lang='lat' dir='ltr'>precibus</span> <span class='ocrx_word' id='word_1_189' title='bbox 940 2448 1105 2512; x_wconf 89' lang='lat' dir='ltr'>adductus.</span> <span class='ocrx_word' id='word_1_190' title='bbox 1131 2447 1258 2511; x_wconf 86' lang='lat' dir='ltr'>interim</span> <span class='ocrx_word' id='word_1_191' title='bbox 1277 2449 1319 2512; x_wconf 90' lang='lat' dir='ltr'>in</span> 
     </span>
     <span class='ocr_line' id='line_1_25' title="bbox 275 2539 1314 2626; baseline -0.003 -20"><span class='ocrx_word' id='word_1_192' title='bbox 275 2541 421 2608; x_wconf 89' lang='lat' dir='ltr'>morbum</span> <span class='ocrx_word' id='word_1_193' title='bbox 441 2541 551 2606; x_wconf 83' lang='lat' dir='ltr'>incidit</span> <span class='ocrx_word' id='word_1_194' title='bbox 566 2541 753 2623; x_wconf 89' lang='lat' dir='ltr'>Dionysius.</span> <span class='ocrx_word' id='word_1_195' title='bbox 781 2562 844 2623; x_wconf 92' lang='lat' dir='ltr'>quo</span> <span class='ocrx_word' id='word_1_196' title='bbox 863 2562 936 2605; x_wconf 88' lang='lat' dir='ltr'>cum</span> <span class='ocrx_word' id='word_1_197' title='bbox 957 2539 1314 2626; x_wconf 81' lang='lat' dir='ltr'>gravi&#39;conllietaretur‚</span> 
     </span>
     <span class='ocr_line' id='line_1_26' title="bbox 275 2633 1317 2720; baseline -0.006 -18"><span class='ocrx_word' id='word_1_198' title='bbox 275 2635 431 2720; x_wconf 90' lang='lat' dir='ltr'>quaesivit</span> <span class='ocrx_word' id='word_1_199' title='bbox 447 2657 468 2699; x_wconf 95' lang='lat' dir='ltr'>a</span> <span class='ocrx_word' id='word_1_200' title='bbox 484 2633 615 2699; x_wconf 90' lang='lat' dir='ltr'>medicis</span> <span class='ocrx_word' id='word_1_201' title='bbox 632 2633 733 2710; x_wconf 89' lang='lat' dir='ltr'>Dion,</span> <span class='ocrx_word' id='word_1_202' title='bbox 756 2634 1023 2716; x_wconf 87' lang='lat' dir='ltr'>quemadmodum</span> <span class='ocrx_word' id='word_1_203' title='bbox 1045 2655 1080 2698; x_wconf 91' lang='lat' dir='ltr'>se</span> <span class='ocrx_word' id='word_1_204' title='bbox 1097 2633 1242 2710; x_wconf 85' lang='lat' dir='ltr'>haberet,</span> <span class='ocrx_word' id='word_1_205' title='bbox 1267 2635 1317 2697; x_wconf 88' lang='lat' dir='ltr'>si-</span> 
     </span>
     <span class='ocr_line' id='line_1_27' title="bbox 275 2726 1316 2812; baseline -0.002 -20"><span class='ocrx_word' id='word_1_206' title='bbox 275 2729 404 2812; x_wconf 91' lang='lat' dir='ltr'>mulque</span> <span class='ocrx_word' id='word_1_207' title='bbox 417 2728 458 2794; x_wconf 90' lang='lat' dir='ltr'>ab</span> <span class='ocrx_word' id='word_1_208' title='bbox 475 2728 525 2794; x_wconf 91' lang='lat' dir='ltr'>his</span> <span class='ocrx_word' id='word_1_209' title='bbox 538 2728 637 2812; x_wconf 87' lang='lat' dir='ltr'>petiit,</span> <span class='ocrx_word' id='word_1_210' title='bbox 657 2727 685 2791; x_wconf 90' lang='lat' dir='ltr'>si</span> <span class='ocrx_word' id='word_1_211' title='bbox 701 2727 782 2792; x_wconf 87' lang='lat' dir='ltr'>forte</span> <span class='ocrx_word' id='word_1_212' title='bbox 799 2727 910 2792; x_wconf 88' lang='lat' dir='ltr'>maiori</span> <span class='ocrx_word' id='word_1_213' title='bbox 927 2736 1012 2792; x_wconf 87' lang='lat' dir='ltr'>esset</span> <span class='ocrx_word' id='word_1_214' title='bbox 1024 2727 1173 2812; x_wconf 87' lang='lat' dir='ltr'>periculo,</span> <span class='ocrx_word' id='word_1_215' title='bbox 1192 2735 1229 2790; x_wconf 93' lang='lat' dir='ltr'>ut</span> <span class='ocrx_word' id='word_1_216' title='bbox 1247 2726 1316 2791; x_wconf 88' lang='lat' dir='ltr'>sibi</span> 
     </span>
     <span class='ocr_line' id='line_1_28' title="bbox 275 2819 1314 2904; baseline 0.001 -21"><span class='ocrx_word' id='word_1_217' title='bbox 275 2822 461 2886; x_wconf 85' lang='lat' dir='ltr'>faterentur:</span> <span class='ocrx_word' id='word_1_218' title='bbox 487 2844 563 2886; x_wconf 91' lang='lat' dir='ltr'>nam</span> <span class='ocrx_word' id='word_1_219' title='bbox 588 2820 669 2886; x_wconf 90' lang='lat' dir='ltr'>velle</span> <span class='ocrx_word' id='word_1_220' title='bbox 695 2841 730 2885; x_wconf 90' lang='lat' dir='ltr'>se</span> <span class='ocrx_word' id='word_1_221' title='bbox 756 2843 830 2884; x_wconf 88' lang='lat' dir='ltr'>cum</span> <span class='ocrx_word' id='word_1_222' title='bbox 855 2841 893 2886; x_wconf 90' lang='lat' dir='ltr'>eo</span> <span class='ocrx_word' id='word_1_223' title='bbox 916 2820 1052 2904; x_wconf 87' lang='lat' dir='ltr'>colloqui</span> <span class='ocrx_word' id='word_1_224' title='bbox 1077 2821 1117 2884; x_wconf 90' lang='lat' dir='ltr'>de</span> <span class='ocrx_word' id='word_1_225' title='bbox 1143 2819 1314 2904; x_wconf 88' lang='lat' dir='ltr'>partiendo</span> 
     </span>
     <span class='ocr_line' id='line_1_29' title="bbox 274 2913 1313 3000; baseline -0.001 -22"><span class='ocrx_word' id='word_1_226' title='bbox 274 2935 388 2999; x_wconf 88' lang='lat' dir='ltr'>regno,</span> <span class='ocrx_word' id='word_1_227' title='bbox 410 2915 497 2997; x_wconf 88' lang='lat' dir='ltr'>quod</span> <span class='ocrx_word' id='word_1_228' title='bbox 514 2915 629 2979; x_wconf 88' lang='lat' dir='ltr'>soron&#39;s</span> <span class='ocrx_word' id='word_1_229' title='bbox 648 2913 725 2980; x_wconf 78' lang='lat' dir='ltr'>suae</span> <span class='ocrx_word' id='word_1_230' title='bbox 741 2914 824 2980; x_wconf 90' lang='lat' dir='ltr'>filios</span> <span class='ocrx_word' id='word_1_231' title='bbox 842 2936 883 2978; x_wconf 86' lang='lat' dir='ltr'>ex</span> <span class='ocrx_word' id='word_1_232' title='bbox 899 2914 953 2980; x_wconf 89' lang='lat' dir='ltr'>illo</span> <span class='ocrx_word' id='word_1_233' title='bbox 970 2923 1060 2980; x_wconf 88' lang='lat' dir='ltr'>natos</span> <span class='ocrx_word' id='word_1_234' title='bbox 1078 2924 1200 3000; x_wconf 88' lang='lat' dir='ltr'>partem</span> <span class='ocrx_word' id='word_1_235' title='bbox 1216 2915 1313 2997; x_wconf 90' lang='lat' dir='ltr'>regni</span> 
     </span>
    </p>

    <p class='ocr_par' dir='ltr' id='par_1_12' title="bbox 242 3006 1312 3468">
     <span class='ocr_line' id='line_1_30' title="bbox 242 3006 1312 3094; baseline 0.001 -23"><span class='ocrx_word' id='word_1_236' title='bbox 242 3022 258 3071; x_wconf 79' lang='lat'><strong>5</strong></span> <span class='ocrx_word' id='word_1_237' title='bbox 275 3007 407 3094; x_wconf 88' lang='lat' dir='ltr'>putabat</span> <span class='ocrx_word' id='word_1_238' title='bbox 420 3007 535 3074; x_wconf 89' lang='lat' dir='ltr'>debere</span> <span class='ocrx_word' id='word_1_239' title='bbox 547 3007 674 3074; x_wconf 89' lang='lat' dir='ltr'>habere.</span> <span class='ocrx_word' id='word_1_240' title='bbox 701 3008 735 3072; x_wconf 92' lang='lat' dir='ltr'>id</span> <span class='ocrx_word' id='word_1_241' title='bbox 747 3008 861 3074; x_wconf 89' lang='lat' dir='ltr'>medici</span> <span class='ocrx_word' id='word_1_242' title='bbox 874 3031 938 3074; x_wconf 92' lang='lat' dir='ltr'>non</span> <span class='ocrx_word' id='word_1_243' title='bbox 951 3017 1115 3074; x_wconf 82' lang='lat' dir='ltr'>tacuerunt</span> <span class='ocrx_word' id='word_1_244' title='bbox 1128 3017 1159 3072; x_wconf 91' lang='lat' dir='ltr'>et</span> <span class='ocrx_word' id='word_1_245' title='bbox 1172 3007 1214 3072; x_wconf 90' lang='lat' dir='ltr'>ad</span> <span class='ocrx_word' id='word_1_246' title='bbox 1226 3006 1312 3072; x_wconf 88' lang='lat' dir='ltr'>Dio-</span> 
     </span>
     <span class='ocr_line' id='line_1_31' title="bbox 275 3101 1310 3187; baseline 0 -22"><span class='ocrx_word' id='word_1_247' title='bbox 275 3102 402 3187; x_wconf 77' lang='lat' dir='ltr'>nysium</span> <span class='ocrx_word' id='word_1_248' title='bbox 423 3101 523 3168; x_wconf 89' lang='lat' dir='ltr'>filium</span> <span class='ocrx_word' id='word_1_249' title='bbox 546 3123 723 3168; x_wconf 88' lang='lat' dir='ltr'>sermonem</span> <span class='ocrx_word' id='word_1_250' title='bbox 744 3103 925 3167; x_wconf 87' lang='lat' dir='ltr'>retulerunt.</span> <span class='ocrx_word' id='word_1_251' title='bbox 961 3123 1023 3186; x_wconf 93' lang='lat' dir='ltr'>quo</span> <span class='ocrx_word' id='word_1_252' title='bbox 1045 3101 1098 3167; x_wconf 92' lang='lat' dir='ltr'>ille</span> <span class='ocrx_word' id='word_1_253' title='bbox 1120 3111 1310 3178; x_wconf 84' lang='lat' dir='ltr'>commotus,</span> 
     </span>
     <span class='ocr_line' id='line_1_32' title="bbox 275 3196 1309 3283; baseline 0.001 -25"><span class='ocrx_word' id='word_1_254' title='bbox 275 3218 317 3261; x_wconf 90' lang='lat' dir='ltr'>ne</span> <span class='ocrx_word' id='word_1_255' title='bbox 342 3196 458 3283; x_wconf 88' lang='lat' dir='ltr'>agendi</span> <span class='ocrx_word' id='word_1_256' title='bbox 483 3206 568 3262; x_wconf 87' lang='lat' dir='ltr'>esset</span> <span class='ocrx_word' id='word_1_257' title='bbox 588 3197 687 3262; x_wconf 91' lang='lat' dir='ltr'>Dioni</span> <span class='ocrx_word' id='word_1_258' title='bbox 712 3206 865 3282; x_wconf 85' lang='lat' dir='ltr'>potestas,</span> <span class='ocrx_word' id='word_1_259' title='bbox 892 3197 973 3281; x_wconf 86' lang='lat' dir='ltr'>patri</span> <span class='ocrx_word' id='word_1_260' title='bbox 999 3219 1145 3281; x_wconf 90' lang='lat' dir='ltr'>soporem</span> <span class='ocrx_word' id='word_1_261' title='bbox 1166 3197 1309 3262; x_wconf 88' lang='lat' dir='ltr'>medicos</span> 
     </span>
     <span class='ocr_line' id='line_1_33' title="bbox 276 3287 1309 3379; baseline -0.004 -25"><span class='ocrx_word' id='word_1_262' title='bbox 276 3289 351 3354; x_wconf 90' lang='lat' dir='ltr'>dare</span> <span class='ocrx_word' id='word_1_263' title='bbox 374 3290 486 3374; x_wconf 70' lang='lat' dir='ltr'>eotgit.</span> <span class='ocrx_word' id='word_1_264' title='bbox 514 3291 575 3356; x_wconf 89' lang='lat' dir='ltr'>hoc</span> <span class='ocrx_word' id='word_1_265' title='bbox 598 3314 693 3379; x_wconf 90' lang='lat' dir='ltr'>aeger</span> <span class='ocrx_word' id='word_1_266' title='bbox 715 3300 841 3375; x_wconf 89' lang='lat' dir='ltr'>sumpto</span> <span class='ocrx_word' id='word_1_267' title='bbox 861 3287 910 3374; x_wconf 91' lang='lat' dir='ltr'>[ut</span> <span class='ocrx_word' id='word_1_268' title='bbox 933 3289 1057 3376; x_wconf 89' lang='lat' dir='ltr'>somno]</span> <span class='ocrx_word' id='word_1_269' title='bbox 1078 3291 1200 3377; x_wconf 88' lang='lat' dir='ltr'>sopitus</span> <span class='ocrx_word' id='word_1_270' title='bbox 1220 3290 1309 3354; x_wconf 89' lang='lat' dir='ltr'>diem</span> 
     </span>
     <span class='ocr_line' id='line_1_34' title="bbox 277 3381 564 3468; baseline 0.01 -22"><span class='ocrx_word' id='word_1_271' title='bbox 277 3381 354 3446; x_wconf 89' lang='lat' dir='ltr'>obiit</span> <span class='ocrx_word' id='word_1_272' title='bbox 372 3405 564 3468; x_wconf 89' lang='lat' dir='ltr'>supremum.</span> 
     </span>
    </p>

    <p class='ocr_par' dir='ltr' id='par_1_13' title="bbox 243 3474 1347 3938">
     <span class='ocr_line' id='line_1_35' title="bbox 243 3474 1347 3563; baseline 0.008 -27"><span class='ocrx_word' id='word_1_273' title='bbox 243 3491 257 3536; x_wconf 93' lang='lat'>1</span> <span class='ocrx_word' id='word_1_274' title='bbox 328 3474 390 3539; x_wconf 91' lang='lat' dir='ltr'>IlI.</span> <span class='ocrx_word' id='word_1_275' title='bbox 419 3476 498 3542; x_wconf 85' lang='lat' dir='ltr'>Tale</span> <span class='ocrx_word' id='word_1_276' title='bbox 524 3478 647 3543; x_wconf 86' lang='lat' dir='ltr'>initium</span> <span class='ocrx_word' id='word_1_277' title='bbox 674 3477 734 3540; x_wconf 86' lang='lat' dir='ltr'>fuit</span> <span class='ocrx_word' id='word_1_278' title='bbox 755 3475 870 3538; x_wconf 87' lang='lat' dir='ltr'>Dionis</span> <span class='ocrx_word' id='word_1_279' title='bbox 898 3484 930 3538; x_wconf 88' lang='lat' dir='ltr'>et</span> <span class='ocrx_word' id='word_1_280' title='bbox 952 3474 1101 3563; x_wconf 89' lang='lat' dir='ltr'>Dionysii</span> <span class='ocrx_word' id='word_1_281' title='bbox 1128 3479 1310 3555; x_wconf 84' lang='lat' dir='ltr'>simultatis,</span> <span class='ocrx_word' id='word_1_282' title='bbox 1346 3541 1347 3545; x_wconf 75' lang='grc'>,</span> 
     </span>
     <span class='ocr_line' id='line_1_36' title="bbox 277 3567 1310 3658; baseline 0.005 -28"><span class='ocrx_word' id='word_1_283' title='bbox 277 3586 376 3652; x_wconf 89' lang='lat' dir='ltr'>eaque</span> <span class='ocrx_word' id='word_1_284' title='bbox 394 3570 500 3636; x_wconf 85' lang='lat' dir='ltr'>multis</span> <span class='ocrx_word' id='word_1_285' title='bbox 518 3571 612 3635; x_wconf 87' lang='lat' dir='ltr'>rebus</span> <span class='ocrx_word' id='word_1_286' title='bbox 636 3577 728 3633; x_wconf 84' lang='lat' dir='ltr'>aucta</span> <span class='ocrx_word' id='word_1_287' title='bbox 750 3576 807 3632; x_wconf 89' lang='lat' dir='ltr'>est.</span> <span class='ocrx_word' id='word_1_288' title='bbox 836 3567 892 3632; x_wconf 84' lang='lat' dir='ltr'>sed</span> <span class='ocrx_word' id='word_1_289' title='bbox 909 3573 1015 3635; x_wconf 81' lang='lat' dir='ltr'>tamen</span> <span class='ocrx_word' id='word_1_290' title='bbox 1031 3573 1140 3657; x_wconf 87' lang='lat' dir='ltr'>primis</span> <span class='ocrx_word' id='word_1_291' title='bbox 1160 3574 1310 3658; x_wconf 90' lang='lat' dir='ltr'>tempori-</span> 
     </span>
     <span class='ocr_line' id='line_1_37' title="bbox 275 3661 1310 3747; baseline 0.005 -22"><span class='ocrx_word' id='word_1_292' title='bbox 275 3661 336 3728; x_wconf 92' lang='lat' dir='ltr'>bus</span> <span class='ocrx_word' id='word_1_293' title='bbox 363 3662 556 3747; x_wconf 85' lang='lat' dir='ltr'>aliquamdiu</span> <span class='ocrx_word' id='word_1_294' title='bbox 582 3662 727 3726; x_wconf 88' lang='lat' dir='ltr'>simulata</span> <span class='ocrx_word' id='word_1_295' title='bbox 744 3661 900 3728; x_wconf 90' lang='lat' dir='ltr'>intereos</span> <span class='ocrx_word' id='word_1_296' title='bbox 923 3665 1059 3731; x_wconf 87' lang='lat' dir='ltr'>amicitia</span> <span class='ocrx_word' id='word_1_297' title='bbox 1081 3667 1206 3732; x_wconf 81' lang='lat' dir='ltr'>mansit</span> <span class='ocrx_word' id='word_1_298' title='bbox 1227 3689 1310 3732; x_wconf 83' lang='lat' dir='ltr'>eum</span> 
     </span>
     <span class='ocr_line' id='line_1_38' title="bbox 275 3752 1309 3842; baseline 0.007 -24"><span class='ocrx_word' id='word_1_299' title='bbox 275 3753 364 3820; x_wconf 92' lang='lat' dir='ltr'>Dion</span> <span class='ocrx_word' id='word_1_300' title='bbox 384 3777 448 3819; x_wconf 91' lang='lat' dir='ltr'>non</span> <span class='ocrx_word' id='word_1_301' title='bbox 474 3753 639 3816; x_wconf 87' lang='lat' dir='ltr'>desisteret</span> <span class='ocrx_word' id='word_1_302' title='bbox 663 3752 827 3820; x_wconf 85' lang='lat' dir='ltr'>obsecrare</span> <span class='ocrx_word' id='word_1_303' title='bbox 848 3755 1055 3842; x_wconf 84' lang='lat' dir='ltr'>Dionysium,</span> <span class='ocrx_word' id='word_1_304' title='bbox 1082 3769 1117 3823; x_wconf 91' lang='lat' dir='ltr'>nt</span> <span class='ocrx_word' id='word_1_305' title='bbox 1138 3759 1309 3824; x_wconf 90' lang='lat' dir='ltr'>Platonem</span> 
     </span>
     <span class='ocr_line' id='line_1_39' title="bbox 276 3847 1309 3938; baseline 0.008 -26"><span class='ocrx_word' id='word_1_306' title='bbox 276 3847 412 3912; x_wconf 83' lang='lat' dir='ltr'>Athenis</span> <span class='ocrx_word' id='word_1_307' title='bbox 435 3855 607 3910; x_wconf 87' lang='lat' dir='ltr'>arcesseret</span> <span class='ocrx_word' id='word_1_308' title='bbox 629 3855 660 3910; x_wconf 93' lang='lat' dir='ltr'>et</span> <span class='ocrx_word' id='word_1_309' title='bbox 682 3847 748 3913; x_wconf 88' lang='lat' dir='ltr'>eius</span> <span class='ocrx_word' id='word_1_310' title='bbox 772 3849 909 3916; x_wconf 87' lang='lat' dir='ltr'>consiliis</span> <span class='ocrx_word' id='word_1_311' title='bbox 932 3861 1084 3930; x_wconf 89' lang='lat' dir='ltr'>uteretur,</span> <span class='ocrx_word' id='word_1_312' title='bbox 1106 3853 1173 3931; x_wconf 88' lang='lat' dir='ltr'>ille,</span> <span class='ocrx_word' id='word_1_313' title='bbox 1196 3855 1253 3938; x_wconf 90' lang='lat' dir='ltr'>qui</span> <span class='ocrx_word' id='word_1_314' title='bbox 1274 3855 1309 3918; x_wconf 89' lang='lat' dir='ltr'>in</span> 
     </span>
    </p>

    <p class='ocr_par' dir='ltr' id='par_1_14' title="bbox 242 3937 1308 4032">
     <span class='ocr_line' id='line_1_40' title="bbox 242 3937 1308 4032; baseline 0.006 -28"><span class='ocrx_word' id='word_1_315' title='bbox 242 3960 259 4008; x_wconf 82' lang='lat'>2</span> <span class='ocrx_word' id='word_1_316' title='bbox 278 3941 382 4020; x_wconf 87' lang='lat' dir='ltr'>aliqua</span> <span class='ocrx_word' id='word_1_317' title='bbox 399 3960 432 4003; x_wconf 90' lang='lat' dir='ltr'>re</span> <span class='ocrx_word' id='word_1_318' title='bbox 450 3937 545 4002; x_wconf 88' lang='lat' dir='ltr'>vellet</span> <span class='ocrx_word' id='word_1_319' title='bbox 565 3947 686 4024; x_wconf 87' lang='lat' dir='ltr'>patrem</span> <span class='ocrx_word' id='word_1_320' title='bbox 708 3941 836 4021; x_wconf 72' lang='lat' dir='ltr'>imitari,</span> <span class='ocrx_word' id='word_1_321' title='bbox 859 3967 979 4010; x_wconf 91' lang='lat' dir='ltr'>morem</span> <span class='ocrx_word' id='word_1_322' title='bbox 996 3947 1026 4010; x_wconf 86' lang='lat' dir='ltr'>ei</span> <span class='ocrx_word' id='word_1_323' title='bbox 1043 3947 1151 4032; x_wconf 91' lang='lat' dir='ltr'>gessit.</span> <span class='ocrx_word' id='word_1_324' title='bbox 1179 3948 1308 4012; x_wconf 87' lang='lat' dir='ltr'>eodem-</span> 
     </span>
    </p>
   </div>
   <div class='ocr_carea' id='block_1_7' title="bbox 277 4032 1306 4128">
    <p class='ocr_par' dir='ltr' id='par_1_15' title="bbox 277 4032 1306 4128">
     <span class='ocr_line' id='line_1_41' title="bbox 277 4032 1306 4128; baseline 0.008 -32"><span class='ocrx_word' id='word_1_325' title='bbox 277 4032 412 4117; x_wconf 86' lang='lat' dir='ltr'>demquc</span> <span class='ocrx_word' id='word_1_326' title='bbox 430 4041 570 4120; x_wconf 87' lang='lat' dir='ltr'>tempore</span> <span class='ocrx_word' id='word_1_327' title='bbox 586 4033 756 4104; x_wconf 90' lang='lat' dir='ltr'>Philistum</span> <span class='ocrx_word' id='word_1_328' title='bbox 773 4037 957 4108; x_wconf 87' lang='lat' dir='ltr'>historicum</span> <span class='ocrx_word' id='word_1_329' title='bbox 975 4038 1150 4128; x_wconf 81' lang='lat' dir='ltr'>Syracusas</span> <span class='ocrx_word' id='word_1_330' title='bbox 1168 4041 1306 4120; x_wconf 86' lang='lat' dir='ltr'>reduxit,</span> 
     </span>
    </p>
   </div>
   <div class='ocr_carea' id='block_1_8' title="bbox 0 0 1374 4722">
    <p class='ocr_par' dir='ltr' id='par_1_16' title="bbox 0 0 1374 4722">
     <span class='ocr_line' id='line_1_42' title="bbox 0 0 1374 4722; baseline 0 0"><span class='ocrx_word' id='word_1_331' title='bbox 0 0 1374 4722; x_wconf 95' lang='lat' dir='ltr'> </span> 
     </span>
    </p>
   </div>
   <div class='ocr_carea' id='block_1_9' title="bbox 1324 4421 1346 4634">
    <p class='ocr_par' dir='ltr' id='par_1_17' title="bbox 1324 4421 1346 4719">
     <span class='ocr_line' id='line_1_43' title="bbox 1345 4421 1346 4460; baseline 0 0"><span class='ocrx_word' id='word_1_332' title='bbox 1345 4421 1346 4460; x_wconf 78' lang='lat' dir='ltr'>l</span> 
     </span>
     <span class='ocr_line' id='line_1_44' title="bbox 1324 4609 1339 4634; baseline 0 85"><span class='ocrx_word' id='word_1_333' title='bbox 1324 4609 1339 4634; x_wconf 66' lang='lat'>⁴</span> 
     </span>
    </p>
   </div>
  </div>
 </body>
</html>
