2732 4722
1 1845 3 1852 t

467 270 667 328 CHABRIAS.
1034 269 1078 336 39

47 388 163 454 vitium
180 386 215 450 in
232 385 356 470 magnis
374 383 544 469 liberisque
562 385 754 464 civitatibus,
772 399 808 453 ut
824 392 941 460 invidia
957 396 1077 482 gloriae

45 504 158 548 comes
177 481 231 557 sit‘,
255 490 286 544 et
303 478 435 546 libenter
451 481 491 546 de
508 480 558 544 his
577 481 754 559 detrahant,
777 505 855 565 quos
878 491 1012 556 eminere
1029 493 1078 560 vi-

43 579 145 642 deant
166 575 275 656 altius3
298 595 400 656 neque
422 573 528 638 animo
549 595 651 657 aequo
672 597 828 660 pauperes
851 579 983 646 ahenam
1000 607 1078 669 opu-

47 671 181 736 lentium
198 668 363 732 intuuntur
380 667 547 734 fortunam.
573 669 679 752 itaque
694 668 859 749 Chabrias,
879 694 942 756 quo
960 676 989 738 ei
1005 677 1079 741 lice-

46 765 117 842 bat,
136 761 305 848 plurimum
323 760 439 828 aberat.
466 784 568 846 neque
586 785 661 828 vero
680 763 766 828 solus
784 764 837 830 ille
855 766 962 832 aberat
978 767 1079 834 Athe-
1095 792 1113 838 4

44 859 97 922 nis
115 855 257 934 libenter,
276 856 333 920 sed
346 877 456 921 omnes
473 855 539 922 fere
551 857 709 942 principes
722 858 865 924 secarunt
881 861 975 940 idem,
995 865 1080 946 quod

44 960 172 1018 tantum
195 971 229 1016 se
251 949 291 1016 ab
312 950 430 1016 invidia
451 951 605 1037 putabant
625 952 762 1031 futuros,
790 964 942 1038 quantum
965 979 984 1022 a
1005 979 1080 1022 con-

48 1054 161 1131 spectu
175 1067 303 1110 suorum
315 1055 519 1110 recesserant.
537 1045 650 1127 itaque
666 1045 778 1112 Conon
795 1048 965 1132 plurimum
980 1048 1079 1135 Cypri

47 1139 143 1214 vixit,
165 1137 339 1223 Iphicrates
361 1138 395 1202 in
418 1138 568 1214 Thracia,
596 1138 781 1206 Timotheus
803 1142 926 1219 Lesbo,
956 1142 1078 1210 Chares

47 1231 159 1318 Sigeo.
186 1231 349 1296 dissimilis
367 1233 495 1316 quidem
510 1232 630 1298 Chares
649 1233 761 1298 horum
779 1245 810 1300 et
826 1237 918 1302 factis
937 1249 968 1304 et
984 1240 1079 1306 mori-

45 1327 124 1404 bus,
144 1327 201 1392 sed
218 1335 324 1392 tamen
341 1325 477 1392 Athenis
495 1337 527 1392 et
544 1327 714 1392 honoratus
733 1337 764 1392 et
780 1339 903 1412 potens.
1017 1409 1020 1422 ‚

102 1418 163 1485 IV.
193 1419 348 1484 Chabrias
367 1429 471 1484 autem
484 1420 577 1504 periit
589 1420 672 1486 bello
691 1421 797 1486 sociali
820 1423 876 1486 tali
897 1424 1000 1488 modo.
1023 1445 1111 1508 op-1

46 1512 235 1599 pugnabant
248 1512 461 1578 Athenienses
472 1512 599 1578 Chium.
619 1515 726 1578 eratin
735 1515 836 1580 classe
847 1515 1002 1580 Chabrias
1015 1518 1080 1602 pri-

46 1617 152 1682 vatus,
168 1606 225 1670 scd
238 1627 357 1683 omnes,
372 1606 468 1688 quiin
480 1608 663 1692 magistratu
674 1617 770 1684 erant,
790 1609 971 1674 auctoritate
981 1610 1080 1674 antei-

44 1701 116 1775 bat,
126 1721 260 1780 eumque
269 1699 371 1784 magis
384 1700 508 1777 milites,
523 1723 617 1784 quam
625 1701 680 1784 qui
688 1711 861 1786 praeerant,
876 1703 1077 1788 aspiciebant.

41 1812 197 1874 quaeres
211 1792 240 1856 ei
253 1793 418 1858 maturavit
431 1803 572 1858 mortem.
591 1818 665 1860 nam
674 1797 751 1858 dum
759 1796 879 1880 primus
894 1797 999 1860 studet
1007 1819 1079 1880 por·
1096 1815 1112 1861 2

1 1929 3 1944 t
45 1897 117 1950 tum
129 1887 253 1962 intrare,
266 1884 507 1970 gubernatorem
515 1887 603 1952 iubet
612 1911 650 1954 eo
659 1889 793 1974 dirigere
800 1911 924 1966 navem,
939 1890 1008 1974 ipse
1018 1889 1080 1954 sibi

46 1980 197 2065 perniciei
206 1979 275 2043 fuit.
295 2001 368 2044 cum
381 1980 464 2046 enim
475 2003 512 2046 eo
524 1992 728 2066 penetrasset,
739 1992 859 2048 ceterae
872 2004 936 2048 non
946 1991 1020 2046 sunt
1029 2003 1079 2048 se·

44 2083 149 2138 cutae.
172 2095 236 2158 quo
250 2072 334 2138 facto
348 2074 558 2140 circumfusus
567 2076 706 2160 hostium
720 2097 874 2140 concursu
888 2099 961 2141 cum
973 2075 1079 2142 fortis-

1 2211 3 2216 >
45 2168 128 2232 sime
141 2175 306 2252 pugnaret,
320 2167 410 2230 navis
423 2176 526 2230 rostro
538 2189 690 2250 percussa
703 2169 805 2250 coepit
820 2169 931 2232 sidere.
949 2169 1078 2234 hinore·
1096 2189 1111 2236 3

47 2260 161 2345 fugere
180 2281 253 2322 cum
270 2267 388 2342 posset,
409 2257 437 2320 si
451 2279 485 2322 se
502 2258 536 2320 in
553 2280 638 2320 mare
657 2258 831 2340 deiecisset,
851 2260 936 2342 quod
954 2258 1081 2326 suberat

1 2377 2 2398 ³
43 2352 164 2417 classis
177 2349 430 2426 Atheniensium,
449 2371 530 2432 quae
548 2351 705 2436 exciperet
721 2360 877 2428 natantes,
895 2353 996 2436 perire
1014 2375 1080 2418 nra-

44 2443 109 2508 l'uit
131 2465 225 2526 quam
243 2443 337 2507 armis
359 2442 490 2506 abiectis
508 2465 622 2508 navem
638 2445 828 2527 relinquere,
847 2445 960 2529 inqua
977 2445 1079 2512 fuerat

44 2545 170 2600 vectus.
188 2536 222 2599 id
231 2536 325 2599 ceteri
334 2534 438 2600 facere
451 2535 625 2614 noluerunt,
640 2538 695 2619 qui
702 2539 806 2602 nando
815 2539 959 2604 intutum
967 2561 1079 2625 perve-

46 2637 172 2696 nerunt.
192 2627 295 2706 atille,
308 2637 468 2713 praestare
481 2628 647 2694 honestam
656 2641 789 2696 mortem
802 2632 985 2696 existimans
995 2633 1079 2715 trupi

47 2723 145 2801 vitae,
165 2722 341 2788 comminus
358 2744 505 2808 pugnans
523 2723 594 2788 telis
612 2723 752 2788 hostium
768 2724 951 2790 interfectus
971 2733 1029 2790 est.

332 2942 432 3007 XIII.
469 2941 797 3011 TIMOTHEUS.

105 3093 132 3159 L
161 3093 353 3174 Timotheus,
374 3095 516 3162 Cononis
524 3097 623 3173 tilius,
642 3097 858 3162 Atheniensis.
885 3098 937 3160 hic
954 3107 1078 3181 epatre
1098 3120 1112 3166 1
1177 3163 1185 3180 ‚

47 3196 213 3272 acceptam
225 3189 357 3274 gloriam
374 3191 481 3256 multis
495 3191 582 3257 auxit
599 3190 774 3254 virtutibus.
802 3189 862 3252 fuit
880 3190 963 3254 enim
981 3190 1080 3254 diser-

50 3293 113 3360 tus,
130 3283 274 3369 impiger,
293 3284 480 3362 laboriosus,
498 3286 545 3350 rei
562 3283 704 3348 militaris
717 3284 836 3369 peritus
854 3305 956 3367 neque
974 3283 1078 3348 minus

52 3375 185 3440 civitatis
202 3379 369 3462 regendae.
395 3377 494 3446 multa
515 3379 609 3444 huius
633 3389 705 3442 sunt
721 3379 879 3464 praeclare
901 3378 999 3457 facta,
1023 3378 1079 3443 sed
1097 3399 1112 3446 2

52 3467 131 3532 haec
147 3470 285 3535 maxime
297 3471 439 3538 illustria.
468 3471 638 3560 Olynthips
653 3481 684 3536 et
697 3473 870 3557 Byzantios
885 3472 967 3539 bello
986 3471 1080 3539 subo

50 3561 107 3645 git.
127 3559 262 3628 Samum
271 3565 362 3651 oepit,
376 3567 410 3632 in
422 3588 486 3650 qua
499 3567 711 3651 oppugnanda
721 3567 878 3650 superiore
887 3566 970 3632 bello
979 3566 1081 3633 Athe·

52 3653 177 3718 nienses
190 3657 275 3722 mille
288 3668 321 3722 et
333 3660 468 3726 ducenta
481 3659 597 3724 talenta
610 3669 877 3746 consumpserant.
900 3660 934 3724 id
946 3661 998 3724 ille
1012 3660 1080 3723 sine

51 3746 249 3832 ullapublica
262 3751 405 3838 impensa
417 3754 533 3840 populo
546 3753 689 3818 restituit.
710 3755 861 3818 adversus
873 3752 989 3816 Cotum
998 3749 1080 3814 bella

51 3841 152 3921 gessit
174 3841 214 3906 ab
238 3865 339 3928 eoque
361 3847 446 3912 mille
468 3856 499 3912 et
521 3847 655 3912 ducenta
676 3846 792 3910 talenta
809 3845 944 3928 praedae
966 3842 1001 3906 in
1021 3863 1080 3926 pu-

52 3931 169 3998 blicum
189 3939 304 4004 retulit.
334 3938 488 4026 Cyzicum
510 3939 671 4005 obsidione
693 3937 845 4002 liberavit.
872 3934 1114 4003 Ariobarzanis

47 4024 147 4092 simul
160 4051 234 4096 cum
245 4031 399 4119 Agesilao
413 4034 529 4101 auxilio
541 4031 701 4120 profectus
716 4039 778 4109 est3
797 4053 816 4094 a
829 4051 892 4116 quo
905 4051 978 4096 cum
989 4029 1081 4100 Laco
