2758 4726
284 257 327 324 80
613 259 973 320 conunnnnurorrs

281 379 364 468 pylis
377 377 418 442 de
431 397 556 441 summa
568 375 692 460 imperii
704 375 892 439 dimicasset.
920 395 1015 458 quem
1028 375 1087 439 etsi
1101 374 1199 438 multa
1213 373 1292 439 stulte
1336 434 1337 449 ,

248 495 266 542 t
283 471 389 538 conari
401 468 539 547 videbat,
559 479 664 534 tamen
675 468 762 532 nulla
774 469 912 532 deseruit
929 469 962 532 in
974 491 1017 532 re.
1043 467 1181 552 praefuit
1197 468 1293 553 paucis
1336 472 1337 493 ¹

281 563 426 641 naribus,
444 584 523 647 quas
541 584 582 626 ex
601 560 695 646 Syria
710 561 816 626 iussus
835 569 902 624 erat
917 561 951 625 in
968 559 1082 625 Asiam
1099 560 1225 637 ducere,
1240 559 1295 623 his·

282 679 345 743 que
362 655 514 722 adversus
528 653 723 720 Rhodiorum
740 653 875 718 classem
892 653 1122 738 inPamphylio
1139 653 1221 717 mari
1234 674 1295 716 con-

282 750 372 815 flixit
398 769 552 833 quocum
569 745 767 812 multitudine
788 747 1039 813 adversariorum
1057 746 1107 810 sui
1124 767 1297 831 superaren-

283 857 342 924 tur,
361 846 439 930 ipse,
458 865 521 927 quo
538 864 636 907 cornu
651 863 718 906 rem
735 841 844 926 gessit,
863 840 924 904 fuit
942 841 1092 926 superior.

250 961 264 1007 1
333 937 398 1004 IX.
424 935 583 1002 Antiocho
595 935 715 1024 *fugato
733 955 859 1012 verens,
882 957 922 999 ne
940 935 1117 1011 dederetur,
1137 935 1226 1016 quod
1244 933 1298 998 sine

283 1030 380 1098 dubio
406 1029 585 1104 accidisset,
614 1027 713 1093 sisui
738 1027 867 1092 fecisset
891 1035 1092 1114 potestatem,
1113 1025 1244 1092 Cretam
1269 1025 1300 1089 ad

284 1124 455 1210 Gortynios
481 1122 580 1199 venit,
606 1131 643 1186 ut
664 1121 721 1198 ibi,
749 1143 812 1204 quo
834 1143 869 1186 se
891 1121 1059 1198 conferret,
1087 1122 1300 1186 consideraret.

250 1237 264 1285 a
283 1217 361 1282 vidit
380 1225 486 1280 autem
503 1215 552 1279 vir
570 1216 711 1280 omnium
729 1215 959 1293 callidissimus,
982 1236 1097 1300 magno
1117 1237 1152 1279 se
1169 1215 1236 1279 fore
1251 1236 1303 1298 pe·

250 1353 255 1364 ·
282 1311 389 1390 riculo,
407 1311 471 1376 nisi
483 1311 561 1396 quid
572 1311 769 1396 providisset,
787 1319 914 1395 propter
927 1310 1089 1374 avaritiam
1099 1307 1301 1374 Cretensium.

283 1429 432 1494 magnam
455 1407 538 1471 euim
562 1427 669 1470 secum
686 1405 851 1490 pecuniam
870 1405 1027 1489 portabat,
1051 1404 1091 1468 de
1109 1425 1173 1486 qua
1191 1401 1305 1468 sciebat

249 1518 265 1564 s
284 1503 387 1565 exisse
402 1501 530 1564 famam.
557 1500 664 1582 itaque
674 1500 757 1584 capit
770 1499 832 1563 tale
846 1499 1019 1564 consilium.
1047 1499 1215 1583 amphoras
1226 1519 1305 1561 com-

282 1595 389 1678 plures
408 1593 542 1676 complet
563 1591 709 1674 plumb03
737 1614 877 1658 summas
899 1593 1097 1677 operitauro
1119 1601 1151 1656 et
1168 1600 1306 1676 argento.

282 1688 340 1749 has
354 1684 570 1770 praesentibus
583 1683 777 1767 principibus
791 1686 920 1768 deponit
937 1687 970 1749 in
988 1685 1104 1770 templo
1112 1685 1252 1761 Dianae,
1273 1683 1309 1746 si-

268 1778 405 1858 mulans
424 1800 458 1842 se
476 1799 549 1841 suas
568 1775 709 1839 fortunas
723 1776 848 1840 illorum
860 1777 935 1840 fidei
949 1779 1084 1841 credere.
1113 1778 1164 1842 his
1178 1779 1212 1842 in
1225 1799 1311 1842 erro-

281 1893 348 1934 rem
365 1869 500 1931 induetis
519 1875 636 1929 statuas
655 1887 777 1942 aeneas,
797 1889 876 1948 quas
895 1887 1003 1930 secum
1019 1868 1179 1950 portabat,
1199 1891 1314 1933 omnes

282 1981 339 2022 sua
364 1959 498 2042 pecunia
524 1957 659 2041 complet
684 1979 801 2041 easque
827 1958 861 2020 in
885 1957 1050 2042 propatulo
1076 1958 1163 2021 domi
1189 1960 1309 2024 abiicit

246 2070 264 2116 4
282 2049 428 2136 Gortynii
450 2049 601 2135 templum
623 2061 748 2137 magua
761 2071 836 2115 cura
854 2050 1033 2114 custodiunt
1053 2072 1118 2114 non
1135 2059 1200 2113 tam
1218 2073 1240 2112 a
1263 2074 1320 2116 ce·

281 2145 356 2211 teris
374 2166 470 2228 quam
493 2144 532 2208 ab
551 2143 745 2222 Hannibale,
768 2167 808 2209 ne
825 2144 878 2208 ille
895 2142 1099 2208 inscientibus
1117 2142 1167 2206 his
1186 2141 1315 2208 tolleret

283 2259 451 2324 secumque
470 2239 605 2302 duceret.

249 2351 263 2396 1
333 2333 380 2396 X.
410 2331 465 2396 Sic
488 2331 679 2396 conservatis
703 2331 768 2396 suis
790 2329 885 2396 rebus
907 2328 1035 2394 Poenus
1057 2329 1158 2394 illusis
1178 2327 1311 2396 Creten·
1343 2400 1344 2403 Ἴ

283 2423 370 2488 sibus
397 2423 543 2487 omnibus
571 2424 612 2487 ad
637 2423 786 2488 Prusiam
811 2425 845 2487 in
871 2423 1010 2488 Pontum
1035 2423 1191 2508 pervenit,
1224 2425 1310 2508 apud
1340 2434 1343 2447 “

282 2537 377 2599 quem
399 2515 510 2579 eodem
532 2517 635 2578 animo
658 2514 719 2578 fuit
741 2536 817 2601 erga
833 2516 971 2593 Italiam,
994 2537 1097 2600 neque
1115 2516 1202 2580 aliud
1219 2517 1308 2599 quid·

283 2631 378 2692 quam
396 2608 460 2694 egit
477 2629 573 2691 quam
590 2629 697 2694 regem
715 2610 847 2673 armavit
865 2617 896 2673 et
917 2610 1056 2674 exercuit
1074 2610 1226 2675 adversus
1247 2609 1309 2674 Ro-

248 2718 404 2767 amanos.
436 2723 532 2784 quem
553 2723 626 2766 cum
648 2701 768 2767 videret
789 2702 969 2768 domesticis
991 2703 1086 2768 rebus
1109 2703 1214 2767 minus
1238 2723 1308 2767 esse

281 2794 456 2870 robustum,
475 2794 662 2860 conciliabat
679 2803 798 2861 ceteros
811 2817 913 2882 reges,
933 2795 1124 2882 adiungebat
1141 2795 1306 2861 bellicosas

281 2883 435 2950 nationes.
475 2887 649 2952 dissidebat
679 2887 719 2953 ab
746 2911 783 2952 eo
809 2881 1027 2976 Pergamenus
1053 2911 1110 2955 rex
1134 2888 1303 2964 Eumenes,

282 2977 434 3044 Romanis
457 2979 681 3058 amicissimus,
708 2981 888 3066 bellumque
910 2984 1067 3048 intereos
1089 2983 1260 3068 gerebatur
1280 2991 1307 3046 ct

282 3073 362 3136 mari
379 3082 411 3138 et
428 3076 604 3158 terra3'quo
622 3075 724 3161 magis
743 3075 889 3162 cupiebat
906 3072 979 3141 eum
987 3076 1151 3141 Hannibal
1165 3075 1306 3162 opprimi.

249 3183 265 3228 3
284 3168 340 3232 sed
357 3166 523 3252 utrobique
540 3168 701 3234 Eumenes
719 3169 790 3255 plus
809 3169 934 3236 valebat
950 3179 1078 3256 propter
1093 3169 1307 3235 Romanorum

283 3261 463 3325 societatem
469 3286 478 3338 ;
500 3283 596 3344 quem
618 3263 645 3325 si
662 3263 858 3339 removisset,
881 3263 1023 3328 faciliora
1041 3263 1101 3328 sibi
1119 3273 1218 3328 cetera
1233 3261 1302 3324 fore

282 3351 498 3417 arbitrabatur.
526 3353 567 3416 ad
584 3353 669 3417 hunc
686 3354 933 3418 interficiendum
951 3353 1045 3418 talem
1063 3357 1132 3420 iniit
1142 3355 1304 3422 rationem.

247 3461 265 3506 4
284 3445 384 3508 classe
401 3445 511 3528 paucis
530 3444 642 3510 diebus
661 3455 749 3509 erant
762 3446 925 3510 decreturi.
954 3449 1162 3533 superabatur
1177 3449 1304 3515 navium

281 3535 495 3615 multitudine;
521 3537 594 3602 dolo
616 3548 683 3603 erat
707 3539 929 3624 pugnandum,
957 3563 1029 3607 oum
1055 3567 1113 3630 par
1133 3568 1197 3610 non
1223 3553 1305 3609 esset

283 3627 386 3693 armis.
417 3628 583 3714 imperavit
600 3651 695 3714 quam
716 3631 866 3717 plurimas
889 3645 1059 3703 venenatas
1082 3647 1243 3725 serpentes
1262 3639 1307 3702 vi-

248 3739 265 3786 5
282 3743 339 3787 vas
357 3721 463 3808 colligi
476 3743 592 3806 easque
609 3724 642 3788 in
655 3747 732 3789 vasa
744 3725 851 3790 fictilia
864 3728 984 3794 coniici.
1011 3731 1123 3796 herum
1141 3755 1214 3798 cum
1232 3733 1307 3797 effe·

283 3816 378 3882 eisset
398 3839 547 3903 magnam
568 3817 808 3898 multitudinem,
832 3821 882 3887 die
899 3823 978 3908 ipso,
1001 3845 1064 3908 quo
1081 3826 1224 3892 facturus
1241 3835 1307 3890 erat

281 3911 394 3977 navale
407 3912 569 3998 proelium,
579 3913 756 3981 classiarios
770 3929 922 3984 convocat
939 3920 1050 4004 hisque
1062 3925 1226 4010 praecipit,
1240 3947 1307 3988 om-

281 4021 337 4068 nes
350 4013 387 4068 ut
398 4006 433 4074 in
444 4030 541 4075 unam
548 4007 701 4076 Eumenis
719 4011 803 4098 regis
822 4025 1008 4098 concurrant
1023 4004 1145 4096 navem,
1161 4041 1180 4084 a
1193 4017 1305 4084 ceteris
