2758 4726
451 249 642 306 EUMENES.
1021 242 1062 304 67

32 388 110 428 nam
128 373 160 428 et
172 364 325 453 dignitate
338 363 399 428 fuit
414 363 548 427 honesta
562 369 593 425 et
606 360 725 427 viribus
744 364 784 427 ad
800 365 940 432 laborem
957 367 1062 432 feren·

33 459 110 522 dum
120 456 229 533 firmis,
247 479 349 540 neque
359 465 423 521 tam
437 477 552 541 magno
562 476 691 539 corpore
701 476 796 537 quam
808 456 1058 541 figuravenusta.

83 548 167 614 XII.
194 547 248 612 De
265 547 516 633 hocAntigonus
534 569 607 612 cum
625 547 712 612 solus
727 548 916 613 constituere
929 573 994 615 non
1005 577 1061 616 au·
1079 576 1092 622 1

33 644 129 720 deret,
139 641 181 706 ad
191 641 356 708 consilium
369 641 483 706 retulit.
507 640 559 704 hic
573 657 646 704 cu'm
656 663 766 706 omnes
779 641 881 726 primo
890 644 1062 726 perturbati

33 735 268 812 admirarentur,
287 733 432 801 neniam
450 733 540 798 deeo
560 743 720 818 sumptum
738 755 809 798 esse
828 734 1025 820 supplicium,
1044 759 1063 798 a

32 850 95 914 quo
108 836 155 894 tot
164 849 263 894 annos
276 828 356 893 adeo
370 836 476 892 essent
488 828 570 892 male
579 828 687 906 babiti,
707 838 743 892 ut
756 849 852 914 saepe
861 830 903 894 ad
915 829 1063 914 despera-

33 923 150 988 tionem
162 921 266 986 forent
278 921 415 998 adducti,
435 921 552 1006 quique
565 923 721 988 maximos
730 923 827 988 duces
841 923 1060 1002 interfecisset,
1081 941 1096 988 a

33 1015 168 1099 denique
184 1015 219 1080 in
237 1037 299 1098 quo
317 1037 380 1080 uno
399 1024 484 1080 esset
508 1024 644 1094 tantum,
666 1026 715 1094 ut,
739 1018 845 1100 quoad
861 1017 914 1082 ille
932 1018 1062 1094 viveret,

32 1109 95 1194 ipsi
118 1108 220 1174 securi
238 1130 308 1174 esse
325 1130 390 1174 non
410 1117 555 1192 possent,
576 1109 741 1174 interfecto
758 1111 836 1174 nihil
853 1111 990 1176 habituri
1007 1132 1063 1174 ne-

33 1203 113 1288 gotii
127 1211 240 1280 essent,
259 1211 427 1286 postremo,
447 1202 475 1265 si
487 1201 533 1265 illi
545 1203 689 1266 redderet
702 1204 844 1281 salutem,
859 1204 1060 1288 quaerebant,

33 1293 148 1378 quibus
167 1295 277 1360 amicis
296 1303 381 1360 esset
398 1317 528 1358 usurus:
548 1315 618 1358 sese
636 1295 719 1358 enim
733 1317 806 1358 cum
818 1295 963 1360 Eumene
977 1297 1062 1381 apud

34 1411 107 1452 eum
123 1410 188 1454 non
204 1387 338 1452 futuros.
365 1387 418 1450 hic
430 1387 557 1472 cognita
574 1387 695 1450 consilii
709 1387 869 1452 voluntate
886 1396 991 1452 tamen
1008 1411 1062 1452 us-
1080 1409 1095 1456 3

32 1504 95 1566 que
118 1482 159 1546 ad
181 1482 350 1567 septimum
373 1481 457 1546 diem
475 1480 666 1544 deliberandi
685 1481 746 1546 sibi
768 1482 906 1566 spatium
927 1481 1061 1565 reliquit.

32 1586 101 1638 tum
115 1583 230 1654 autem,
244 1575 387 1639 cumiam
400 1583 568 1651 vereretur,
582 1596 622 1638 ne
636 1595 699 1658 qua
708 1575 820 1639 seditio
830 1575 988 1640 exercitus
1002 1565 1074 1639 ori-'

28 1677 135 1744 retur,
157 1667 258 1732 vetuit
278 1689 468 1750 quemquam
491 1668 621 1732 adeum
639 1668 771 1746 admitti,
794 1677 827 1732 et
844 1668 1062 1751 quotidianum
1164 1673 1172 1688 ⁸

26 1762 154 1824 victum
172 1761 325 1824 removeri
342 1761 442 1825 iussit.
469 1784 544 1826 nam
561 1758 697 1847 negabat
711 1783 744 1827 se
758 1762 788 1826 ei
801 1761 866 1824 vim
884 1761 1060 1836 allaturum,

30 1852 88 1936 qui
102 1840 269 1935 aliquando
283 1853 394 1917 fuisset
407 1855 537 1919 amicus.
565 1855 616 1920 hic
626 1863 731 1920 tamen
743 1873 808 1920 non
820 1854 955 1939 amplius
965 1875 1061 1937 quam
1078 1875 1094 1920 4
1199 1885 1210 1898 ··

31 1945 171 2010 triduum
188 1945 272 2010 fame
290 1946 450 2034 fatigatus,
470 1970 542 2014 cum
561 1957 664 2013 castra
680 1957 889 2026 moverentur,
907 1947 1061 2012 insciente

2 2103 10 2131 ,¹
31 2037 196 2124 Antigono
213 2039 372 2124 iugulatus
391 2050 441 2106 est
458 2065 478 2106 a
495 2042 690 2106 custodibus.
735 2046 736 2050 ’

82 2131 181 2196 XHL
215 2130 270 2196 Sic
282 2133 444 2196 Eumenes
463 2155 616 2197 annorum
634 2135 773 2215 quinque
790 2141 822 2194 et
840 2134 1057 2216 quadraginta,
1078 2153 1091 2198 1

3 2219 7 2224 ⁴
32 2245 106 2288 eum
125 2223 165 2288 ab
184 2245 266 2286 anno
284 2224 444 2299 vicesimo,
463 2224 510 2286 uti
528 2245 625 2306 supra
641 2223 846 2300 ostendimus,
866 2232 987 2306 septem
1004 2247 1060 2286 an-

3 2311 4 2316 ’
28 2337 90 2381 nos
99 2313 249 2398 Philippo
268 2315 474 2398 apparuisset,
493 2314 643 2378 tredecim
660 2315 745 2399 apud
753 2311 971 2378 Alexandrum
985 2335 1061 2380 eun-

25 2411 109 2473 dem
130 2405 235 2470 locum
252 2405 451 2484 obtinuisset,
474 2408 508 2472 in
529 2407 579 2472 his
598 2430 696 2472 unum
719 2407 859 2491 equitum
881 2407 949 2472 alae
969 2429 1061 2492 prae-

26 2499 162 2574 fuisset,
184 2508 259 2582 post
281 2509 386 2564 autem
403 2499 579 2564 Alexandri
595 2489 708 2585 Magni
731 2509 865 2582 mprtem
890 2500 1060 2585 imperator

30 2591 187 2656 exercitus
201 2591 343 2656 duxisset
357 2614 560 2676 summosque
574 2593 670 2658 duces
684 2593 798 2678 partim
810 2593 977 2677 repulisset
989 2616 1060 2676 par-

31 2687 87 2748 tim
104 2683 324 2764 interfecisset,
344 2696 454 2771 captus
473 2709 537 2751 non
549 2685 705 2774 Antigoni
726 2685 855 2761 virtute,
880 2686 937 2750 sed
949 2683 1060 2748 Mace-

33 2778 149 2842 donum
163 2777 308 2862 periurio,
327 2779 422 2844 talem
439 2779 550 2846 habuit
563 2779 682 2844 exitum
695 2777 787 2842 vitas.
814 2777 849 2841 in
866 2799 929 2860 quo
943 2785 1060 2860 quanta
1078 2796 1093 2843 2

34 2872 172 2936 omnium
181 2871 276 2936 fuerit
285 2873 389 2958 opinio
399 2895 516 2950 eorum,
531 2873 586 2956 qui
594 2880 667 2957 post
675 2871 893 2936 Alexandrum
902 2870 1060 2957 Magnum

32 2985 125 3048 reges
143 2974 215 3030 sunt
229 2967 386 3052 appellati,
405 2989 445 3030 ex
458 2967 519 3032 hoe
532 2965 680 3030 facillime
697 2973 802 3050 potest
818 2965 959 3044 iudicari,
974 2965 1060 3048 quod

32 3057 278 3124 nemoEumene
287 3059 360 3125 vivo
369 3081 425 3124 rex
435 3060 609 3145 appellatus
619 3069 676 3134 est,
688 3059 744 3122 sed
752 3058 945 3142 praefectum
963 3057 1059 3120 iidem
1077 3075 1092 3122 3

32 3159 109 3236 post
118 3150 208 3218 huius
217 3176 364 3219 occasum
373 3155 479 3218 statim
492 3154 615 3239 regium
626 3160 769 3216 ornatum
782 3168 959 3228 nomenque
974 3169 1060 3210 sum-

34 3253 174 3330 pserunt,
191 3267 303 3331 neque,
322 3247 407 3331 quod
424 3247 512 3310 initio
530 3245 760 3330 praedicarant,
780 3262 814 3306 se
831 3237 1007 3304 Alexandri
1023 3238 1061 3302 li-

35 3335 117 3401 beris
135 3361 267 3424 regnum
286 3362 420 3418 servare,
438 3349 599 3425 praestare
616 3337 795 3413 voluerunt,
815 3343 847 3426 ct
863 3353 927 3398 uno
944 3353 1061 3416 propu-
1133 3353 1137 3360 ·

34 3438 163 3515 gnatore
177 3432 310 3510 sublate,
330 3434 406 3518 quid
420 3433 579 3508 sentirent,
599 3436 796 3516 aperuerunt.
823 3427 918 3491 huius
933 3425 1059 3492 sceleris

33 3523 190 3610 principes
207 3526 335 3592 fuerunt
347 3525 541 3613 Antigonus,
555 3524 768 3599 Ptolemaeus,
785 3518 949 3598 Seleucus,
962 3520 1061 3607 Lysi-

33 3616 179 3696 machus,
199 3618 409 3687 Cassandrus.
442 3617 624 3704 Antigonus
647 3625 754 3682 autem
776 3613 955 3679 Eumenem
977 3631 1095 3676 mor-4

33 3723 122 3776 tuum
148 3715 333 3799 propinquis
360 3714 428 3780 eius
456 3712 673 3799 sepeliendum
695 3709 832 3774 tradidit.
873 3708 908 3770 hi
933 3704 1061 3768 militari

33 3803 229 3892 honestoqne
251 3809 371 3888 funere,
395 3809 562 3874 comitante
588 3803 829 3877 totoexercitu,
851 3800 1060 3868 humarerunt

32 3919 168 3984 ossaque
191 3901 259 3968 eius
280 3903 314 3968 in
333 3901 568 3988 Cappadociam
591 3899 632 3964 ad
653 3904 785 3979 matrem
809 3901 903 3974 atque
929 3909 1061 3954 uxorem

31 3991 211 4082 liberosque
229 3996 298 4060 eius
316 3997 510 4082 deportanda
527 3999 683 4058 curarunt.
814 4085 848 4140 5.
