2758 4726
298 251 339 316 78
630 251 815 309 CORNELII
832 250 992 309 NEPOTIS

264 399 277 446 1
346 369 388 436 V.
415 369 490 434 Hac
510 389 620 454 pugna
640 374 783 454 pugnata
803 365 940 433 Romam
964 364 1126 451 profectus
1148 375 1212 444 est,
1239 367 1315 432 nuto

295 466 470 532 resistente.
493 463 527 528 in
540 460 723 547 propinquis
741 458 829 524 urhis
842 458 1001 526 montibus
1014 467 1155 524 moratus
1169 469 1230 524 est.
1253 483 1315 524 cum

296 560 415 642 aliquot
436 557 481 624 ibi
498 557 566 622 dies
585 563 687 620 castra
708 551 872 618 habuisset
890 561 922 618 et
942 560 1149 618 reverteretur
1167 551 1314 638 Capuam,

222 641 226 648 ¹
297 652 339 735 Q.
356 651 477 716 Fabius
494 649 671 722 Maximus,
694 646 827 712 dictator
843 646 1021 724 Romanus,
1045 647 1077 710 in
1095 668 1171 732 agro
1189 646 1316 711 Falerno

263 747 327 813 eei
349 768 384 812 se
406 745 529 811 obiecit.
561 742 612 806 hic
635 741 762 806 clama
783 739 924 804 locorum
950 739 1105 825 angustiis
1131 749 1231 806 noctu
1259 741 1316 804 sine

295 839 361 906 ullo
379 838 564 904 detrimento
578 834 732 900 exercitus
748 854 782 898 se
800 833 972 918 expedivit3
990 833 1101 911 Fabio,
1121 832 1317 900 callidissimo

296 931 484 1017 imperatori,
503 928 600 994 verba
617 927 711 993 dedit.
743 947 879 1009 namque
898 926 1034 992 obducta
1056 936 1147 992 nocte
1165 937 1318 994 sarmenta
1342 987 1343 996 ,

296 1027 329 1090 in
347 1023 493 1090 cornibus
511 1022 715 1086 iuvencorum
733 1019 870 1106 deligata
886 1019 1026 1086 incendit
1043 1020 1175 1104 eiusque
1197 1021 1317 1108 generis

297 1116 530 1182 multitudinem
546 1137 697 1200 magnam
710 1114 898 1200 dispalatam
915 1113 1053 1178 immisit.
1081 1136 1143 1196 quo
1159 1115 1319 1200 repentino

297 1210 418 1276 obiecto
432 1209 501 1274 viso
516 1217 638 1273 tantum
655 1217 805 1274 terrorem
817 1208 924 1274 iniecit
937 1207 1087 1272 exercitui
1096 1207 1319 1283 Romanorum,

264 1311 331 1368 sut
352 1303 461 1389 egredi
488 1311 577 1368 extra
598 1302 717 1368 vallum
743 1324 836 1368 nemo
859 1302 900 1366 sit
917 1305 1027 1366 ausus.
1059 1301 1141 1366 hanc
1162 1310 1231 1386 post
1252 1323 1321 1364 rem

296 1406 419 1484 gestam
437 1420 501 1464 non
517 1397 562 1462 ita
578 1397 685 1462 multis
704 1395 815 1462 debus
828 1395 876 1462 M.
886 1395 1065 1462 Minucium
1074 1394 1205 1472 Rufum,
1223 1394 1323 1478 magi-
1343 1449 1344 1500 q

298 1501 396 1556 strum
420 1492 574 1572 equitum,
597 1491 667 1574 pari
688 1512 726 1556 ac
743 1490 927 1556 dictatorem
944 1489 1088 1573 imperio,
1112 1488 1186 1554 dolo
1206 1487 1344 1573 produ-¹

298 1591 383 1648 ctum
405 1583 437 1646 in
458 1582 612 1665 proelium
635 1581 767 1666 fugavit.
801 1582 963 1648 Tiberium
982 1581 1205 1666 Sempronium
1226 1578 1324 1648 Grac

296 1677 404 1752 chum,
431 1677 544 1738 iterum
571 1675 746 1750 consulem,
773 1676 807 1738 in
823 1677 966 1740 Lucanis
993 1674 1106 1742 absens
1133 1677 1165 1740 in
1192 1675 1324 1740 insidias

295 1769 459 1833 inductum
486 1765 619 1832 sustulit.
655 1765 704 1828 M.
729 1765 899 1832 Claudium
921 1767 1124 1845 Marcellum,
1156 1768 1326 1852 quinquies

159 1934 162 1942 ¹
261 1861 470 1932 tconsulem,
494 1857 578 1940 apud
596 1854 770 1920 Venusiam
791 1858 861 1939 pari
882 1860 976 1922 modo
993 1859 1157 1922 interfecit.
1190 1862 1328 1947 longum

295 1958 343 2014 est
361 1969 541 2011 enumerare
558 1947 685 2030 proelia.
713 1968 810 2029 quare
827 1947 888 2010 hoc
905 1970 1003 2010 unum
1021 1949 1097 2012 satis
1115 1950 1173 2012 erit
1190 1952 1331 2030 dictum,

294 2062 334 2103 ex
347 2060 410 2121 quo
423 2038 557 2124 intelligi
573 2039 683 2122 possit,
702 2048 838 2123 quantus
852 2039 904 2104 ille
918 2039 1025 2104 fuerit:
1044 2039 1196 2122 quamdiu
1208 2040 1245 2106 in
1259 2043 1333 2110 Ita·

293 2132 336 2198 lia
353 2132 422 2210 fuit,
441 2154 535 2198 nemo
553 2132 583 2196 ei
599 2133 633 2196 in
650 2133 717 2197 acie
734 2133 860 2210 restitit,
878 2155 971 2198 nemo
989 2133 1140 2198 adversus
1159 2156 1234 2198 eum
1252 2149 1331 2220 post

296 2225 498 2292 Cannensem
514 2247 656 2313 pugnam
671 2227 706 2290 in
723 2248 834 2312 campo
853 2236 955 2291 castra
971 2227 1085 2312 posuit.

261 2340 275 2385 1
345 2319 404 2384 VI.
431 2318 519 2384 Hinc
535 2319 670 2385 invictus
688 2320 822 2404 patriam
840 2319 1005 2384 defensum
1022 2327 1186 2384 revocatus
1204 2318 1324 2386 bellum

294 2411 395 2496 gessit
420 2411 572 2477 adversus
598 2412 637 2476 P.
667 2411 863 2496 Scipionem,
895 2435 989 2495 quem
1014 2413 1084 2498 ipse
1109 2413 1211 2498 primo
1239 2417 1322 2499 apud

293 2502 498 2580 Rhodanum,
530 2504 644 2568 iterum
670 2505 756 2588 apud
777 2505 917 2582 Padum,
945 2506 1036 2570 tertio
1064 2507 1151 2590 apud
1172 2506 1320 2572 Trebiam
1345 2515 1346 2532 ¹

261 2617 276 2663 2
294 2596 430 2683 fugarat.
462 2617 535 2660 cum
557 2596 618 2662 hoc
636 2597 797 2662 exhaustis
820 2598 883 2664 iam
900 2599 1019 2684 patriae
1042 2599 1248 2666 facultatibus
1270 2623 1320 2664 cu-

294 2691 373 2776 pivit
398 2691 690 2775 impraesentiarum
715 2691 834 2758 bellum
856 2714 1057 2778 componere,
1084 2715 1148 2777 quo
1170 2693 1319 2758 valentior

294 2794 406 2869 postea
427 2784 676 2870 congrederetur.
708 2785 741 2848 in
766 2785 956 2869 colloquium
983 2787 1143 2864 convenit3
1171 2787 1318 2852 conditio

262 2898 277 2944 3
295 2898 352 2942 nes
369 2898 433 2940 non
451 2886 672 2940 convenerunt.
699 2888 772 2962 post
788 2878 823 2942 id
839 2878 960 2944 factum
976 2879 1086 2964 paucis
1106 2879 1219 2946 diebus
1239 2878 1315 2964 apud

295 2967 428 3032 Zamam
450 2990 523 3032 cum
545 2969 656 3036 eodem
683 2971 836 3049 conflixit3
865 2971 990 3056 pulsus,
1018 2972 1202 3038 incredibile
1225 2973 1315 3046 dictu,

294 3061 391 3128 biduo
418 3071 449 3128 et
474 3062 598 3128 duabus
624 3063 769 3129 noctibus
792 3064 1025 3130 Hadrumetum
1050 3067 1207 3152 pervenit,
1236 3065 1315 3150 quod

260 3178 276 3223 4
294 3155 385 3222 abest
402 3156 442 3222 ab
457 3155 557 3222 Zama
574 3157 696 3222 circiter
713 3157 799 3224 milia
817 3181 931 3245 passus
950 3169 1097 3226 trecenta.
1123 3161 1158 3224 in
1169 3159 1230 3224 hac
1242 3160 1316 3244 fuga

294 3248 459 3327 Numidae,
478 3251 533 3332 qui
551 3251 644 3316 simul
662 3275 734 3316 cum
752 3275 790 3317 eo
808 3277 848 3320 ex
866 3255 932 3318 acie
951 3263 1159 3333 excesserant,
1181 3251 1314 3318 insidiati

296 3351 369 3406 sunt
382 3343 425 3419 ei3
438 3363 518 3423 quos
531 3364 595 3406 non
613 3344 716 3409 solum
730 3345 850 3430 effugit,
869 3347 927 3410 sed
942 3346 1036 3410 etiam
1053 3347 1140 3432 ipsos
1154 3343 1313 3433 oppressit.

293 3433 483 3498 Hadrumeti
500 3434 636 3521 reliquos
655 3460 673 3502 e
691 3437 768 3522 fuga
786 3437 926 3520 collegit3
942 3439 1033 3504 novis
1052 3441 1225 3508 delectibus
1242 3460 1316 3526 pau-

295 3526 341 3590 cis
360 3525 472 3592 diebus
490 3529 607 3597 multos
626 3529 788 3595 contraxit.

261 3643 275 3689 1
345 3617 422 3686 VII.
456 3620 540 3687 Cum
569 3623 603 3686 in
628 3621 809 3706 apparando
839 3624 988 3700 acerrime
1020 3637 1105 3692 esset
1135 3638 1314 3715 occupatus,

296 3713 572 3803 Carthaginienses
590 3714 708 3778 bellum
726 3736 799 3780 cum
815 3714 968 3784 Romanis
987 3731 1240 3807 composuerunt
1267 3722 1314 3786 ills

252 3871 261 3882 ,
293 3809 391 3876 nihilo
418 3809 521 3874 secius
548 3807 698 3872 exercitui
724 3817 835 3892 postea
860 3811 995 3896 praefuit
1016 3834 1129 3899 resque
1151 3817 1185 3880 in
1206 3815 1314 3882 Africa

294 3905 394 3988 gessit
414 3902 552 3984 itemque
569 3899 670 3986 Mago
692 3901 789 3968 frater
806 3905 873 3972 eius
891 3929 992 3990 usque
1010 3909 1052 3972 ad
1068 3909 1107 3974 P.
1128 3907 1312 3995 Sulpicium,

260 4014 276 4062 2
296 3995 334 4060 O.
344 3994 511 4060 Aurelium
529 3993 684 4060 consules.
711 3995 760 4063 his
780 4001 863 4066 enim
880 4002 1115 4088 magistratibus
1131 4004 1230 4091 legati
1240 4003 1313 4070 Car·
