2732 4722
500 275 607 332 mou.
1023 269 1068 336 33

34 392 200 459 hominem
217 392 354 456 amicum
371 413 435 456 non
452 388 554 476 magis
573 399 706 474 tyranno
724 414 818 475 quam
834 399 984 481 tyrannis.
1007 400 1066 466 sed
1090 421 1095 428 ·

1 516 2 519 “
34 491 77 554 de
95 489 208 554 hocin
226 510 264 553 eo
281 487 361 552 libro
382 487 474 572 plura
495 495 569 550 sunt
591 487 749 572 exposita,
772 491 827 572 qui
848 493 886 556 de
908 493 1063 560 historicis

37 581 170 649 Graecis
194 583 388 668 conscriptus
411 591 469 646 est
496 579 590 644 Plato
612 589 718 644 autem
740 591 863 648 tantum
884 587 968 669 apud
984 588 1063 654 Dio·
1082 611 1109 656 a

33 677 163 762 nysium
181 676 363 740 auctoritate
384 673 486 760 potuit
503 673 663 756 valuitque
685 675 875 758 eloquentia,
898 687 932 741 ut
950 680 979 742 ei
995 703 1066 765 per-

35 769 179 845 suaserit,
195 768 367 854 tyrannidis
381 768 486 832 facere
499 767 595 830 finem
607 767 846 853 libertatemque
858 771 989 835 reddere
1005 770 1067 857 Sy-

33 863 211 940 racusanis3
234 886 254 926 a
271 885 335 946 qua
355 861 515 926 voluntate
532 859 659 925 Philisti
677 863 808 928 consilio
826 864 991 930 deterritus
1009 865 1067 928 ali-

32 968 154 1042 quanto
172 956 326 1022 crudelior
343 979 413 1022 essc
432 955 544 1042 coepit.

87 1049 146 1116 IV.
175 1049 239 1132 Qui
261 1051 388 1135 quidem
410 1073 484 1114 cum
501 1073 521 1114 a
536 1049 643 1114 Dione
666 1072 699 1115 se
718 1052 859 1138 superari
880 1054 1001 1118 videret
1017 1055 1099 1121 in-1

32 1145 146 1231 genio,
168 1145 364 1222 auctoritate,
388 1166 494 1209 amore
511 1143 633 1228 populi,
656 1165 768 1209 verens
790 1168 844 1224 ne,
869 1148 896 1212 si
919 1171 992 1212 eum
1015 1139 1066 1212 sc-

35 1261 111 1303 cum
131 1237 274 1315 haberet,
298 1237 435 1321 aliquam
457 1237 655 1302 occasionem
678 1238 728 1301 sui
749 1239 837 1305 daret
858 1242 1063 1324 opprimendi,

35 1354 150 1398 navem
176 1333 207 1396 ei
231 1332 390 1396 triremem
415 1331 515 1406 dedit,
547 1351 610 1412 qua
637 1327 825 1394 Corinthum
851 1332 1064 1410 deveheretur,

35 1426 220 1504 ostendens,
244 1449 278 1490 se
299 1426 333 1489 id
354 1425 518 1507 utriusque
539 1423 644 1488 facere
666 1445 792 1500 caussa,
814 1447 869 1501 ne,
893 1447 965 1488 cum
985 1427 1067 1489 inter

33 1543 70 1586 sc
92 1521 251 1598 timerent,
274 1520 422 1584 alteruter
443 1519 576 1582 alterum
597 1527 849 1602 praeoccuparet.
876 1517 910 1580 id
928 1540 1000 1581 cum
1017 1519 1099 1586 faa

32 1624 123 1680 ctum
140 1615 231 1678 multi
247 1614 499 1700 indignarentur,
520 1632 717 1698 magnaeque
740 1619 846 1674 essent
862 1611 998 1676 invidiae
1017 1621 1066 1696 ty-

1 1757 2 1762 η
28 1730 145 1784 ranno,
163 1707 339 1792 Dionysius
358 1707 471 1784 omnia,
490 1728 570 1788 quae
588 1704 706 1768 moveri
722 1713 866 1789 poterant
882 1704 1012 1782 Dionis,
1031 1705 1065 1768 in

27 1821 134 1865 naves
152 1800 302 1885 imposuit
318 1801 360 1865 ad
382 1821 515 1882 eumque
532 1799 627 1862 misit.
655 1797 700 1862 sic
718 1797 802 1862 enim
819 1798 992 1864 existimari
1008 1821 1064 1862 vo-

28 1893 132 1970 lebat,
159 1894 193 1956 id
215 1916 250 1958 se
271 1916 335 1958 non
358 1894 430 1958 odio
455 1893 606 1969 hominis,
635 1892 691 1956 sed
714 1913 789 1956 suae
817 1891 925 1956 salutis
949 1893 1063 1956 fecisse

31 2009 155 2052 caussa
186 1995 296 2072 postea
317 2009 393 2052 vero
415 2009 510 2068 quam
533 1986 665 2063 audivit,
694 2007 767 2050 eum
788 1987 821 2050 in
841 1985 1096 2071 Peloponnesos

1 2113 8 2152 ᾖ
30 2103 161 2146 manum
178 2089 366 2166 comparare
382 2079 504 2164 sibique
526 2078 646 2144 bellum
668 2078 772 2144 facere
790 2081 908 2158 conari,
931 2079 1060 2159 Areten,

31 2175 149 2239 Dionis
167 2197 310 2250 uxorem,
334 2174 387 2238 alii
403 2181 537 2257 nuptum
555 2173 641 2236 dedit
658 2172 819 2255 filiumque
837 2173 904 2236 cius
923 2173 969 2237 sic
987 2175 1063 2238 edu-

30 2269 98 2332 cari
118 2267 224 2343 iussit,
247 2275 284 2328 ut
303 2267 496 2350 indulgendo
518 2263 707 2350 turpissimis
729 2265 922 2330 imbueretur
943 2267 1063 2352 cupidi-

28 2360 161 2424 tatibus.
188 2381 262 2422 uam
279 2380 387 2444 puero,
405 2359 588 2443 priusquam
605 2359 705 2444 pubes
725 2370 822 2436 esset,
843 2369 945 2426 scorta
962 2361 1097 2425 adda-4

1 2486 3 2521 :
25 2452 194 2528 cebantur,
213 2452 286 2516 vino
305 2449 469 2536 epulisque
483 2452 682 2531 obruebatur,
701 2475 802 2537 neque
820 2453 919 2518 ullum
937 2463 1060 2540 tempus

28 2545 139 2612 sobrio
155 2545 397 2628 relinquebatur.
423 2547 451 2611 is
469 2569 571 2630 usque
589 2569 626 2612 eo
649 2548 732 2613 vitae
751 2545 874 2612 statum'
889 2557 1062 2612 commuta-
1078 2564 1094 2612 5

30 2652 98 2704 tum
124 2639 207 2704 ferre
229 2661 293 2703 nou
313 2640 428 2724 potuit,
454 2652 622 2724 postquam
643 2642 677 2706 in
702 2642 835 2727 patriam
860 2641 952 2705 rediit
972 2647 1062 2722 pater

31 2733 181 2818 (namque
195 2733 332 2819 appositi
350 2743 438 2798 erant
451 2735 609 2812 custodes,
628 2735 683 2818 qui
701 2757 775 2799 eum
791 2759 811 2798 a
826 2733 957 2818 pristino
975 2731 1062 2795 victu

29 2828 244 2912 deducerent),
264 2837 298 2892 ut
315 2850 350 2892 se
368 2828 407 2892 de
426 2829 585 2913 superiore
602 2837 691 2914 parte
710 2829 835 2894 aedium
851 2825 998 2892 deiecerit
1014 2833 1062 2891 at-

28 2942 91 3004 que
108 2922 154 2986 ita
170 2921 329 2986 interierit.
357 2922 414 2986 sed
430 2922 505 2985 illuc
521 2932 670 2986 revertor.

82 3012 126 3078 V.
151 3013 326 3098 Postquam
340 3014 528 3080 Corinthum
544 3016 689 3100 pervenit
701 3016 798 3093 Dion,
817 3025 849 3079 et
862 3016 972 3080 eodem
989 3036 1061 3098 per·
1079 3035 1093 3080 1

28 3105 118 3190 fugit
134 3105 330 3186 Heraclides,
354 3107 394 3174 ab
413 3109 525 3174 eodem
542 3110 693 3194 expulsus
710 3108 881 3192 Dionysio,
900 3108 955 3188 qui
971 3129 1061 3188 prac-

28 3201 135 3264 fectus
153 3199 256 3265 fuerat
268 3203 416 3288 equitum,
435 3203 521 3268 omni
533 3203 652 3267 ratione
664 3201 783 3268 bellum
796 3219 975 3282 comparare
989 3219 1061 3262 coe-

28 3303 152 3378 perunt.
182 3297 238 3360 sed
255 3319 318 3362 non
330 3298 465 3362 multum
480 3297 695 3383 proficiebant,
715 3295 801 3380 quod
818 3294 987 3358 multorum
1004 3315 1060 3356 an·
1078 3313 1094 3358 a

27 3409 142 3452 nomm
168 3399 320 3476 tyrannus
346 3415 533 3478 magnarum
560 3413 657 3476 opum
681 3389 861 3475 putabatur.
896 3410 991 3471 quam
1017 3385 1059 3450 ob

24 3503 175 3548 caussam
191 3485 286 3568 pauci
303 3485 344 3550 ad
367 3487 548 3552 societatem
564 3485 696 3569 periculi
716 3482 975 3569 perducebantur.
1003 3481 1060 3546 sed
1078 3501 1094 3549 e

27 3573 125 3652 Dion,
139 3575 239 3642 fretus
249 3601 313 3642 non
322 3587 386 3644 tam
396 3580 461 3644 suis
471 3579 570 3663 copiis
585 3599 681 3660 quam
691 3577 763 3642 odio
772 3577 906 3662 tyranni,
921 3575 1060 3640 maximo

25 3669 133 3734 animo
146 3670 269 3737 duabus
283 3673 433 3738 onerariis
446 3671 580 3758 naribus
594 3671 823 3756 quinquaginta
836 3691 988 3734 annorum
1000 3669 1060 3730 im-
1173 3745 1177 3756 ¹

26 3762 165 3844 perium,
184 3765 341 3830 munitum
359 3765 539 3851 quingentis
557 3765 661 3850 longis
680 3763 824 3840 navibus,
844 3763 954 3826 decem
971 3756 1060 3838 equi-

25 3863 94 3920 tum
112 3867 303 3943 centumque
320 3861 463 3946 peditum
484 3859 626 3935 milibus,
648 3858 808 3942 profectus
831 3859 1057 3938 oppugnatum,

25 3949 114 4030 quod
131 3951 277 4018 omnibus
294 3953 443 4040 gentibus
461 3951 644 4018 admirabile
662 3959 711 4014 est
727 3949 845 4024 visum,
869 3945 947 4008 adeo
965 3941 1059 4006 facile

23 4042 172 4126 Perculit,
195 4055 232 4110 ut
253 4057 326 4132 post
347 4049 433 4114 diem
454 4049 594 4150 tertium,
618 4066 714 4130 quam
738 4039 881 4108 Siciliam
903 4037 1059 4125 attigerat,

76 4145 193 4190 corneum
202 4145 283 4202 Nepos.
437 4187 440 4194 ,
826 4139 843 4193 3
