2758 4726
370 247 411 302 Μ.
425 245 589 304 POROIUS
604 245 715 302 CATO.
1013 237 1056 302 83

137 469 179 512 EX
196 468 282 511 clauo
301 467 438 510 comm
455 467 576 510 murone
593 467 633 506 Du
651 465 765 508 LATINIS
782 467 950 512 merome.

221 595 355 662 XXIV.
391 592 687 661 M.PORCIUS
712 593 862 662 CATO.

78 734 108 800 Ι.
133 732 182 798 Μ.
202 732 297 809 Cato,
316 740 403 798 ortus
424 731 594 816 municipio
613 730 767 810 Tusculo,
791 731 1052 813 adolescentulus,
1073 758 1087 803 1

27 829 214 914 priusquam
231 825 402 890 honoribus
419 847 548 910 operam
566 825 663 902 daret,
681 834 826 892 versatus
845 827 945 894 estin
963 825 1056 896 Sabi-

27 922 94 998 nis,
121 920 206 1004 quod
231 919 276 984 ibi
300 918 461 984 heredium
484 942 503 982 a
524 928 612 1004 patre
633 919 777 984 relictum
798 920 946 988 habebat.
980 921 1088 990 indes

27 1016 156 1080 hortatu
172 1013 214 1078 L.
232 1011 351 1077 Valerii
367 1011 489 1089 Flacci,
508 1034 603 1096 quem
625 1011 659 1076 in
676 1014 842 1080 consulatu
860 1037 1055 1100 censuraque

27 1107 141 1172 habuit
157 1107 320 1194 collegam,
339 1115 374 1170 ut
385 1105 433 1169 M.
443 1103 604 1190 Perperna
621 1108 781 1174 censorius
799 1133 925 1176 narrare
944 1112 1055 1178 solitus

29 1211 93 1279 est,
112 1201 247 1266 Romam
269 1199 457 1286 demigravit
478 1199 512 1262 in
529 1198 661 1282 foroque
684 1223 753 1266 esse
776 1205 887 1288 coepit.
918 1206 1055 1290 primum

30 1295 222 1380 stipendium
239 1294 353 1358 meruit
370 1315 524 1358 annorum
541 1289 650 1358 decem
669 1304 860 1380 septemque.
889 1298 930 1380 Q.
943 1299 1056 1376 Fabio,

29 1388 76 1454 M.
99 1387 233 1454 Claudio
260 1386 441 1452 oonsulibus
468 1385 611 1452 tribunus
638 1389 773 1454 militum
798 1388 832 1454 in
855 1388 966 1457 Sicilia
986 1392 1055 1460 fuit.

28 1483 103 1548 inde
121 1492 157 1546 ut
172 1481 273 1560 rediit,
293 1489 396 1546 castra
413 1490 539 1548 secutus
557 1491 606 1548 est
622 1488 659 1547 P.
680 1481 806 1548 Claudii
823 1484 972 1564 Neronis,
990 1510 1057 1552 ma-

28 1578 149 1663 gnique
166 1598 263 1660 opera
280 1575 348 1640 eius
367 1575 545 1640 existimata
566 1577 665 1642 estin
685 1578 804 1662 proelio
822 1581 908 1664 apud
927 1578 1055 1657 Senam,

1 1727 3 1736 .
27 1673 95 1752 quo
114 1669 226 1734 cecidit
234 1667 428 1747 Hasdrubal,
447 1669 543 1734 frater
550 1669 750 1738 Hannibalis.
778 1682 927 1757 quaestor
944 1673 1057 1760 obtigit
1075 1688 1090 1735 3

26 1763 68 1827 P.
79 1760 235 1826 Africano
253 1763 382 1841 consuli,
402 1785 474 1828 cum
486 1785 549 1848 quo
561 1788 625 1830 non
642 1787 700 1850 pro
715 1767 806 1834 sortis
824 1768 1056 1834 necessitudine

1 1918 7 1955 r
27 1857 123 1922 vixit:
146 1879 283 1941 namque
296 1857 336 1922 ab
355 1879 392 1923 eo
408 1867 560 1944 perpetua
577 1860 726 1926 dissensit
742 1862 816 1928 vita.
844 1863 953 1930 aedilis
971 1859 1057 1949 plebi
1074 1876 1091 1922 4

7 1952 133 2018 ¹factus
160 1961 209 2018 est
235 1974 307 2016 cum
330 1951 368 2018 Ο.
386 1952 514 2020 Helvio.
550 1965 676 2039 praetor
701 1957 895 2041 provinciam
922 1957 1057 2024 obtinuit

31 2044 224 2124 Sardiniam,
248 2069 288 2110 ex
305 2068 368 2128 qua
385 2058 534 2129 quaestor
552 2049 712 2130 superiore
729 2058 869 2130 tempore
887 2072 928 2114 ex
944 2049 1057 2114 Africa

29 2141 186 2204 decedens
209 2138 251 2220 Q.
269 2138 410 2202 Ennium
436 2147 563 2220 poetam
589 2137 776 2212 deduxerat,
803 2139 890 2217 quod
914 2161 979 2202 non
999 2141 1058 2202 mi-

2 2229 4 2233 ’
27 2234 114 2298 noris
138 2229 357 2295 existimamus
379 2249 476 2310 quam
498 2227 671 2310 quemlibet
696 2227 928 2314 amplissimum
951 2224 1059 2293 Sardi·
1092 2232 1097 2260 ⁶

1 2399 3 2420 ᾗ
26 2328 175 2390 niensem
193 2320 394 2405 triumphum.

1 2428 5 2519 l
83 2415 129 2480 IL
162 2413 370 2479 Consulatum
396 2413 496 2500 gessit
522 2435 594 2478 cum
611 2415 653 2480 L.
672 2414 800 2481 Valerio
816 2415 946 2495 Flacco,
975 2425 1090 2482 sorter

26 2508 225 2596 provinciam
241 2517 352 2572 nactus
365 2507 555 2592 Hispaniam
573 2507 754 2587 citeriorem,
774 2532 876 2594 exque
894 2533 932 2576 ea
949 2511 1059 2576 trium·

29 2604 129 2688 phum
152 2600 336 2685 deportavit.
371 2600 416 2666 ibi
442 2623 514 2664 cum
541 2601 658 2666 diutius
685 2614 871 2680 moraretur,
890 2603 928 2666 P.
949 2601 1057 2687 Scipio
1076 2620 1091 2666 2

31 2695 213 2771 Africanus,
232 2692 342 2758 consul
359 2693 487 2770 iterum,
506 2694 595 2758 euius
614 2695 648 2758 in
664 2696 760 2778 priori
778 2695 945 2760 consulatu
962 2717 1058 2778 quae-

33 2799 96 2854 stor
117 2787 234 2864 fuerat,
257 2786 357 2852 voluit
379 2809 452 2850 eum
469 2786 508 2850 de
530 2787 693 2871 provincia
710 2788 866 2874 depellere
888 2797 920 2854 et
941 2789 1010 2876 ipse
1028 2789 1059 2854 ei

33 2881 212 2958 succedere3
240 2901 343 2962 neque
368 2879 429 2944 hoc
455 2901 512 2963 per
539 2888 682 2944 senatum
699 2880 824 2946 efficere
846 2882 957 2967 potuit,
985 2906 1058 2948 curn

33 2976 158 3058 quidem
169 2973 277 3060 Scipio
294 2971 505 3059 principatum
522 2971 555 3036 in
572 2973 697 3038 civitate
710 2974 873 3052 obtineret,
893 2976 978 3058 quod
991 2985 1059 3040 tum

34 3091 95 3134 non
116 3067 270 3154 potentia,
293 3066 351 3132 sed
372 3065 439 3130 iure
460 3087 511 3130 res
533 3065 660 3148 publica
678 3065 963 3130 administrabatur.
991 3062 1060 3147 'qua

36 3184 72 3228 ex
93 3184 128 3227 re
150 3161 249 3226 iratus
272 3168 397 3236 senatu,
422 3157 587 3224 consulatu
608 3166 736 3242 peracto
761 3157 903 3242 privatus
925 3156 959 3222 in
980 3155 1073 3221 urbe.

35 3255 157 3320 mansit.
185 3252 319 3330 atCato,
338 3274 450 3318 censor
466 3274 538 3316 cum
557 3251 668 3316 eodem
681 3250 798 3316 Flacco
815 3249 928 3328 sactus,
948 3268 1091 3316 severae

34 3347 169 3433 praefuit
181 3348 210 3414 ei
226 3347 382 3433 potestati.
409 3355 529 3412 namet
546 3345 579 3409 in
593 3343 768 3430 complures
783 3343 904 3410 nobiles
919 3343 1060 3408 animad-

36 3440 128 3506 vertit
145 3449 176 3505 et
191 3441 306 3506 multas
322 3463 373 3506 res
387 3462 485 3506 novas
502 3439 537 3504 in
554 3439 691 3504 edictum
705 3437 834 3516 addidit,
853 3459 950 3521 quare
967 3437 1060 3503 luxu-

37 3534 79 3602 ria
94 3535 329 3620 reprimeretur,
352 3557 433 3619 quae
453 3535 518 3600 iam
535 3544 602 3599 tum
619 3533 790 3620 incipiebat
805 3533 968 3619 pullulare.
1000 3534 1059 3598 cir-
1076 3552 1094 3600 4

39 3629 110 3696 citer
136 3653 235 3696 annos
262 3629 435 3714 octoginta,
461 3649 564 3712 nsque
590 3630 632 3694 ad
660 3639 833 3694 extremam
859 3639 996 3694 aetatem
1018 3626 1059 3690 ab

40 3725 254 3804 adolescentie,
272 3725 318 3790 rei
334 3722 479 3810 publicae
496 3743 611 3788 caussa
628 3725 787 3807 suscipere
800 3721 977 3786 inimicitias
995 3738 1060 3778 non

40 3818 162 3886 destitit.
198 3819 345 3886 amultis
371 3824 507 3882 tentatus
531 3837 594 3878 non
619 3815 715 3878 modo
741 3814 863 3878 nullum
891 3810 1060 3874 denimen-

40 3921 104 3978 tum
120 3913 359 3982 existimationis
377 3911 461 3990 fecit,
482 3907 548 3987 sed,
566 3907 671 3992 quoad
688 3906 780 3982 vixit,
799 3905 950 3970 virtutum
967 3899 1060 3966 laude

41 4008 142 4074 crevit.

812 4101 847 4154 6·
