2732 4722
449 219 663 334 hnrsmnns.
776 323 781 332 .
850 261 856 274 ‘
1033 269 1075 334 13

41 417 127 462 anno
149 413 245 478 quam
267 399 334 457 erat
351 390 516 476 expulsus,
544 393 653 477 populi
675 393 753 457 scito
774 393 808 456 in
829 395 961 479 patriam
983 397 1074 460 resti·
1098 455 1103 468 ,

41 500 130 554 tutus
149 498 206 552 est.

93 582 139 647 Π.
165 580 314 644 Interfuit
326 589 431 645 autem
444 602 570 666 pugnae
583 580 688 645 navali
701 581 786 666 apud
801 579 972 660 Salamina,
991 604 1071 666 quae
1092 607 1105 656 1

39 677 127 742 facta
144 683 192 740 est
208 675 296 758 prius
314 695 410 756 quam
427 695 530 758 poena
546 673 738 739 liberaretur.
770 675 856 740 idem
872 685 997 761 praetor
1013 675 1089 741 fuit'-

41 768 285 836 Atheniensium
307 769 393 851 apud
409 767 555 832 Plataeas
564 755 616 831 ’in
636 767 770 854 proelio,
799 791 862 852 quo
884 767 1072 835 Mardonius

41 865 134 929 fusus
149 861 414 944 barbarorumque
429 861 583 926 exercitus
596 861 779 926 interfectus
790 871 847 926 est.
875 885 978 946 neque
987 863 1073 928 aliud
1091 887 1106 934 2

43 967 92 1023 est
108 956 206 1020 ullum
223 955 316 1019 huius
334 955 372 1032 in,
384 975 418 1019 re
436 953 562 1018 militari
579 955 699 1020 illustre
717 955 846 1034 factum,
866 977 961 1040 quam
978 957 1072 1022 huius

41 1050 165 1136 imperii
182 1049 342 1126 memoria,
361 1049 497 1114 iustitiae
511 1070 585 1114 vero
600 1057 631 1112 et
648 1050 813 1134 aequitatis
828 1059 860 1114 et
876 1051 1072 1116 innocentiae

44 1145 154 1221 multa,
176 1144 210 1208 in
231 1143 341 1229 primis
364 1143 449 1226 quod
467 1143 534 1207 eius
553 1143 709 1225 aequitate
731 1145 930 1224 factumest,
950 1146 1073 1210 cumin

43 1239 202 1303 communi
224 1238 326 1302 classe
344 1245 429 1302 esset
447 1233 601 1302 Graeciae
620 1235 714 1300 simul
732 1257 803 1299 cum
820 1235 989 1316 Pausania,
1008 1261 1072 1322 quo

42 1332 123 1396 duce
140 1331 329 1395 Mardonius
348 1339 415 1394 erat
432 1329 572 1416 fugatus,
591 1338 626 1392 ut
644 1351 768 1393 summa
785 1329 908 1414 imperii
925 1333 1073 1395 maritimi

43 1425 83 1491 ab
101 1425 363 1490 Lacedaemoniis
386 1424 608 1489 transferretur
625 1423 666 1486 ad
683 1421 905 1488 Athenienses.
936 1445 1073 1506 namque
1092 1447 1107 1494 3

42 1529 115 1585 ante
132 1521 166 1584 id
183 1528 307 1604 tempus
322 1527 353 1582 et
370 1517 450 1580 mari
465 1525 495 1581 et
509 1525 591 1581 terra
604 1517 701 1580 duces
715 1526 803 1582 erant
816 1517 1072 1582 Lacedaemonii.

40 1624 111 1678 tum
129 1623 233 1678 autem
256 1622 288 1677 et
308 1612 548 1695 intemperantia
564 1611 742 1676 Pausaniae
764 1621 795 1675 et
812 1611 932 1676 iustitia
952 1611 1073 1676 factum

42 1716 97 1772 est
113 1705 280 1782 Aristidis,
306 1715 343 1769 ut
365 1727 473 1771 omnes
492 1706 557 1770 fere
579 1704 721 1770 civitates
741 1702 894 1770 Graeciae
912 1705 953 1770 ad
969 1703 1072 1770 Athe-

7 1813 8 1816 ’
38 1798 201 1864 niensium
224 1799 403 1863 societatem
426 1819 460 1862 se
482 1798 674 1884 applicarent
696 1807 728 1864 ct
749 1799 901 1865 adversus
919 1797 1071 1864 barbaros

40 1893 102 1957 hos
121 1892 217 1956 duces
235 1892 408 1978 deligerent
426 1891 495 1957 sibi.

7 2021 9 2028 ,
93 1983 155 2049 III.
189 1983 278 2068 Quos
301 2008 364 2070 quo
383 1985 506 2052 facilius
523 1987 723 2073 repellerent,
743 1987 771 2052 si
788 1987 869 2053 forte
886 1985 1005 2054 bellum
1022 2009 1072 2053 re·
1090 2009 1103 2055 1

7 2131 9 2140 ,
36 2099 156 2144 novare
183 2089 383 2156 conarentur,
411 2080 453 2144 ad
478 2080 595 2145 classes
618 2080 829 2145 aedificandas
853 2081 1071 2164 exercitusque

40 2174 269 2258 comparandos
301 2182 455 2255 quantum
481 2173 634 2257 pecuniae
660 2192 804 2255 quaeque
836 2173 946 2236 civitas
973 2175 1070 2250 daret,

38 2266 200 2332 Aristides
222 2265 362 2328 delectus
390 2274 438 2328 est
468 2265 523 2348 qui
549 2267 764 2343 constitueret,
792 2265 923 2348 eiusque
944 2263 1072 2330 arbitrio

37 2359 260 2445 quadringena
286 2367 317 2422 et
344 2381 503 2446 sexagena
529 2359 645 2424 talenta
666 2360 834 2444 quotannis
851 2358 970 2424 Delum
999 2369 1073 2424 sunt

37 2451 164 2518 collata.
191 2451 224 2515 id
242 2452 325 2515 enim
344 2473 509 2517 commune
527 2454 679 2518 aerarium
698 2475 769 2519 esse
786 2454 961 2520 voluerunt.
990 2475 1071 2538 quae

38 2545 144 2612 omnis
162 2546 296 2630 pecunia
313 2555 439 2631 postero
453 2556 593 2633 tempore
606 2547 751 2613 Athenas
769 2549 920 2613 translata
933 2557 990 2612 est.
1018 2548 1071 2612 hic
1089 2567 1103 2615 2

38 2661 105 2724 qua
122 2640 216 2704 fuerit
233 2640 430 2718 abstinentia,
449 2642 571 2707 nullum
589 2651 637 2706 est
655 2643 770 2707 certius
784 2643 944 2718 indicium,
963 2663 1069 2723 quam,

39 2755 115 2798 curn
132 2733 227 2798 tantis
244 2734 338 2800 rebus
356 2735 554 2820 praefuisset,
573 2737 707 2800 intanta
723 2744 907 2820 paupertate
925 2735 1070 2812 decessit,

38 2837 85 2904 ut,
104 2827 159 2911 qui
177 2827 348 2905 efferretur,
367 2829 422 2892 vix
438 2829 607 2912 reliquerit.
638 2851 702 2911 quo
720 2829 839 2893 factum
857 2837 915 2907 est,
933 2837 970 2892 ut
986 2827 1069 2894 filiae
1087 2849 1103 2898 3

37 2921 109 2985 eius
126 2920 252 3004 publice
265 2921 422 2984 alerentur
440 2931 471 2985 et
487 2922 527 2986 de
541 2922 698 2986 communi
716 2923 834 2987 aerario
848 2921 974 2987 dotibus
988 2921 1070 2988 datis

37 3012 277 3078 collocarentur.
305 3013 441 3076 decessit
463 3022 570 3078 autem
590 3015 657 3078 fere
678 3024 751 3099 post
773 3037 891 3078 annum
912 3024 1069 3097 quartum,

32 3126 138 3190 quam
157 3103 387 3170 Themistocles
404 3104 540 3170 Athenis
560 3116 626 3171 erat
644 3107 804 3190 expulsus.
856 3181 863 3208 1

350 3325 409 3392 IV.
445 3323 761 3393 PAUSANIAS.

91 3479 118 3543 I.
145 3479 330 3558 Pausanias,
341 3480 625 3560 Lacedaemonius,
635 3504 769 3569 magnus
784 3481 888 3560 homo,
900 3481 956 3546 sed
965 3481 1070 3546 varius
1090 3502 1103 3549 1

36 3575 72 3638 in
95 3574 180 3638 omni
201 3595 317 3660 genere
339 3577 422 3641 vitae
443 3575 513 3641 fuit.
544 3600 619 3641 nam
640 3586 676 3640 ut
697 3576 865 3642 virtutibus
889 3576 1000 3654 eluxit,
1025 3577 1071 3642 sie

36 3667 124 3732 vitiis
143 3675 191 3731 est
209 3667 350 3732 obrutus.
377 3670 471 3733 huius
488 3671 736 3736 illustrissimum
754 3680 802 3735 est
814 3670 968 3756 proelium
986 3669 1071 3752 apud
1089 3687 1104 3734 a

36 3759 197 3824 Plataeas.
232 3781 368 3843 namque
390 3762 444 3825 illo
466 3763 545 3826 duce
563 3762 765 3841 Mardonius,
789 3773 930 3848 satrapes
952 3761 1070 3846 regius,

34 3855 166 3920 natione
184 3851 311 3929 Medus,
330 3854 415 3939 regis
434 3875 539 3939 gener,
562 3856 722 3940 inprimis
741 3857 882 3921 omnium
899 3856 1070 3920 Persarum

36 3960 69 4014 et
93 3947 302 4012 manufortis
326 3956 357 4012 et
378 3948 501 4013 consilii
521 3949 649 4033 plenus,
677 3971 750 4014 cum
772 3950 914 4014 ducentis
941 3948 1069 4013 milibus
1155 3961 1156 3968 ’

34 4040 196 4130 peditum,
224 4061 304 4127 quos
330 4041 447 4109 viritim
467 4041 600 4129 legerat,
629 4051 661 4110 et
682 4043 793 4130 viginti
815 4043 955 4130 equitum
983 4042 1071 4108 haud
1162 4071 1167 4084 ·
