2732 4722
297 263 339 330 28
632 253 816 329 ooaunuu'
830 271 998 330 aaronis

296 392 374 456 nihil
395 389 428 455 in
448 387 532 456 bello
555 395 697 473 oportere
720 387 889 464 contemni,
911 407 1012 471 neque
1036 390 1103 454 sine
1121 411 1235 458 caussa
1254 395 1331 474 dici,

263 507 281 553 4
297 495 429 550 matrem
442 481 543 548 timidi
559 481 634 546 flere
645 504 710 546 non
728 481 836 546 solere.
863 503 965 565 neque
982 487 1087 548 tamen
1104 505 1161 569 pro
1179 487 1331 572 opinione

299 578 491 663 Thrasybuli
508 584 619 642 auctae
637 584 710 641 suut
727 596 813 660 opes.
841 589 915 640 nam
932 576 996 640 iam
1013 585 1080 642 tum
1097 579 1159 644 illis
1177 586 1332 667 tempori-

295 664 357 737 b'us
379 671 493 737 fortius
516 669 592 736 boni
613 691 670 753 pro
692 668 835 734 libertate
856 668 1064 752 loquebantur
1085 693 1181 755 quam
1202 697 1332 761 pugna

263 789 278 834 5
295 765 382 831 bant.
417 765 491 829 hinc
511 763 546 827 in
566 762 716 826 Piraeum
741 762 863 826 transiit
884 762 1154 849 Munychiamque
1179 771 1330 836 munivit.

295 860 378 924 hanc
394 858 444 923 bis
462 855 586 941 tyranni
603 877 786 941 oppugnare
809 865 883 920 sunt
900 857 1001 920 adorti
1018 856 1058 922 ab
1077 879 1176 943 eaque
1194 864 1332 947 turpiter

295 953 414 1047 repulsi
430 951 572 1038 protinus
590 950 624 1013 in
640 948 750 1014 urbem
774 950 869 1014 armis
886 950 1180 1038 impedimentisque
1197 956 1331 1022 amissis

265 1048 490 1134 arefugerunt.
526 1066 604 1110 usus
627 1053 675 1109 est
697 1043 916 1130 Thrasybulus
939 1068 1003 1112 non
1028 1046 1132 1112 minus
1158 1050 1332 1132 prudentia

296 1165 392 1226 quam
409 1138 600 1206 fortitudine.
626 1161 701 1204 nam
719 1139 865 1204 cedentes
880 1139 989 1204 violari
1005 1141 1117 1204 vetuit:
1136 1142 1220 1208 cives
1240 1147 1331 1210 enim

296 1235 417 1300 civibus
431 1255 559 1320 parcere
573 1253 708 1316 aequum
721 1231 878 1298 censebat.
897 1254 999 1316 neque
1013 1235 1180 1320 quisquam
1194 1245 1243 1301 est
1257 1239 1333 1302 vul-

295 1337 437 1405 neratus,
455 1326 517 1391 nisi
534 1327 588 1410 qui
606 1326 690 1412 prior
707 1325 893 1412 impugnare
910 1327 1018 1392 voluit.
1042 1329 1202 1394 neminem
1218 1329 1319 1396 iacen

295 1432 359 1488 tem
376 1432 464 1490 veste
483 1421 641 1507 spoliavit3
660 1421 705 1484 nil
722 1413 837 1507 attigit,
855 1421 916 1485 nisi
934 1445 1034 1499 arma,
1052 1444 1186 1506 quorum
1201 1424 1337 1510 indige-

263 1539 277 1584 r
296 1517 365 1595 bat,
389 1538 533 1600 quaeque
555 1517 596 1579 ad
618 1516 735 1578 victum
757 1513 963 1599 pertinebant.
989 1515 1023 1579 in
1045 1517 1183 1582 secundo
1204 1519 1337 1603 proelio

296 1612 408 1676 cecidit
427 1610 557 1684 Critias,
576 1608 641 1670 dux
659 1617 876 1689 tyrannorum,
895 1631 967 1674 cum
985 1609 1113 1692 quidem
1130 1611 1336 1680 exadversus

296 1703 531 1788 Thrasybulum
548 1698 717 1764 fortissime
734 1710 898 1785 pugnaret.
1004 1782 1008 1789 ¹

263 1819 276 1878 r
347 1798 410 1862 ΠΙ.
437 1797 511 1860 Hoo
533 1793 652 1856 deiecto
673 1789 850 1856 Pausanias
872 1796 958 1858 venit
974 1795 1091 1862 Atticis
1113 1799 1246 1878 auxilio,
1269 1824 1339 1866 rex

294 1887 628 1956 Lacedaemoniorum.
655 1883 682 1946 is
700 1884 782 1948 inter
800 1884 1035 1968 Thrasybulum
1056 1891 1088 1953 et
1106 1913 1175 1969 eos,
1199 1893 1257 1977 qui
1275 1917 1341 1960 ur-

295 1983 367 2047 bem
381 1980 537 2053 tenebant,
555 1976 630 2040 fecit
642 1997 763 2058 pacem,
781 1975 831 2039 his
849 1977 1093 2045 conditionibus:
1103 2004 1152 2048 ‚ne
1165 1987 1220 2066 qui
1232 2009 1342 2072 prac-

294 2086 342 2139 ter
358 2074 485 2158 triginta
502 2080 651 2155 tyrannos
670 2079 701 2134 et
718 2070 837 2147 decem,
855 2070 910 2154 qui
926 2081 1036 2156 postea
1048 2084 1207 2158 praetores
1226 2084 1352 2148 creati

180 2197 184 2204 ·
295 2166 462 2254 superioris
483 2187 570 2229 more
592 2163 782 2229 crudelitatis
805 2174 893 2228 eraut
909 2165 972 2242 usi,
996 2164 1193 2232 afficerentur
1215 2172 1352 2252 exilia

294 2283 374 2326 neve
395 2259 479 2325 bona
499 2258 745 2344 publicarentur3
762 2258 817 2322 'rei
838 2256 982 2343 publicae
1007 2260 1182 2343 procuratio
1203 2267 1343 2345 populo

261 2376 276 2421 2
294 2355 483 2420 redderetur.
509 2355 709 2441 praeclarum.
721 2353 782 2418 hoo
800 2374 925 2436 quoque
943 2351 1148 2437 Thrasybuli,
1171 2355 1258 2436 quod
1282 2381 1340 2422 re-

294 2448 458 2513 conciliata
478 2471 570 2534 pace,
594 2471 666 2512 cum
687 2448 857 2531 plurimum
874 2447 907 2510 in
928 2445 1053 2510 civitate
1074 2455 1196 2530 posset,
1218 2446 1337 2534 legem

293 2541 377 2620 tulit,
400 2566 440 2622 ne
459 2544 529 2628 quis
548 2551 777 2606 anteactarum
798 2562 903 2604 rerum
924 2549 1124 2604 accusaretur
1145 2561 1225 2604 neve
1237 2545 1336 2608 mul-

260 2657 276 2703 3
294 2646 424 2715 taretur3
438 2657 570 2720 eamque
583 2635 628 2699 illi
641 2633 807 2698 oblisdonis
821 2633 1024 2717 appellarunt.
1043 2655 1145 2715 neque
1158 2655 1233 2698 vero
1243 2634 1334 2702 hano

294 2741 415 2796 tantum
438 2729 600 2796 ferendam
623 2727 756 2804 curavit,
780 2725 966 2802 sedetiam,
994 2736 1029 2790 ut
1050 2726 1180 2802 valeret,
1208 2727 1333 2793 effecit.

294 2847 368 2887 nam
382 2845 454 2888 cum
462 2823 591 2905 quidam
604 2844 644 2886 ex
656 2821 705 2898 iis,
725 2821 779 2903 qui
793 2818 886 2884 simul
900 2841 972 2900 curn
985 2840 1022 2908 eo
1035 2820 1068 2882 in
1081 2819 1174 2884 exilio
1187 2819 1332 2898 fuerant,

295 2916 425 2981 caedem
433 2915 537 2980 facere
551 2937 658 2979 eorum
667 2914 792 2990 vellent,
802 2935 874 2978 cum
882 2912 996 2995 quibus
1005 2913 1039 2978 in
1047 2913 1180 2998 gratiam
1188 2914 1332 2980 reditum

294 3018 360 3074 erat
371 3007 505 3094 publice,
524 3008 683 3093 prohibuit
695 3017 726 3072 et
738 3008 781 3083 id,
799 3007 884 3090 quod
896 3005 1052 3091 pollicitus
1066 3015 1140 3084 erat,
1158 3007 1329 3092 praestitit.
1350 3083 1351 3096 χ

261 3125 273 3170 1
343 3102 403 3168 IV.
430 3101 517 3167 Huic
538 3125 595 3187 pro
617 3103 712 3168 tantis
734 3101 852 3166 meritis
878 3100 1006 3166 honoris
1028 3122 1144 3166 corona
1165 3124 1185 3164 a
1204 3099 1351 3188 populo}

294 3198 367 3262 data
386 3191 443 3273 est,
461 3196 546 3261 facta
559 3196 681 3262 duabus
695 3195 826 3282 virgulis
840 3193 1001 3280 olcaginia,
1020 3216 1115 3277 quarn
1132 3195 1218 3278 quod
1236 3218 1330 3260 amor
1350 3197 1351 3233 ³

294 3292 410 3356 civium
423 3299 454 3354 et
467 3312 530 3354 non
543 3285 593 3353 vis
607 3303 813 3372 expresserat,
827 3287 944 3350 nullam
958 3287 1067 3352 habuit
1075 3289 1225 3354 invidiam
1234 3311 1328 3376 mag-

260 3403 275 3448 2
294 3405 397 3466 naque
413 3381 475 3448 suit
492 3382 600 3466 gloria.
628 3381 708 3444 bene
726 3402 802 3465 ergo
815 3379 957 3444 Pittacus
974 3379 1035 3458 ille,
1055 3383 1109 3464 qui
1124 3379 1186 3468 [in]
1201 3391 1326 3467 septem

294 3477 470 3558 sapientum
491 3495 622 3540 numero
644 3483 692 3539 est
714 3473 855 3550 habitus,
879 3494 951 3538 oum
968 3471 1154 3558 Mytilenaei
1172 3476 1201 3540 ei
1223 3476 1325 3540 multa

292 3567 379 3630 milia
387 3566 531 3652 iugerum
544 3568 612 3653 agri
620 3590 750 3632 munera
762 3567 880 3643 darent,
896 3566 1028 3645 „Nolite
1042 3589 1097 3634 oro
1106 3573 1194 3646 vos,“
1209 3569 1324 3652 inquit,

293 3659 348 3740 „id
364 3659 441 3724 mihi
458 3661 547 3738 dare,
566 3662 652 3744 quod
668 3661 759 3724 multi
775 3660 950 3738 invideant,
968 3661 1074 3746 plures
1092 3663 1186 3727 etiam
1205 3684 1325 3728 concu-

292 3755 430 3841 piscant:
448 3776 544 3838 quare
562 3776 602 3818 ex
619 3755 688 3819 istis
706 3753 779 3818 nolo
796 3753 930 3838 amplius
943 3776 1039 3838 quam
1056 3765 1183 3820 centum
1200 3755 1323 3842 iugera,

293 3870 375 3932 quae
398 3857 429 3912 et
450 3869 553 3912 meam
580 3847 677 3912 animi
702 3847 891 3931 aequitatem
913 3857 944 3912 et
967 3859 1102 3914 vestram
1127 3849 1324 3916 voluntatem

291 3943 443 4018 indicent3
469 3963 543 4006 nam
560 3961 658 4026 parva
674 3963 805 4006 munera
826 3942 958 4020 diutina,
981 3942 1148 4028 locupletia
1168 3964 1233 4006 non
1250 3964 1324 4028 pro-
1349 3995 1350 4028 ,

258 4053 274 4100 a
291 4034 361 4120 pria
378 4056 448 4102 esse
462 4038 680 4102 consuerunt.“
698 4035 752 4102 illa
765 4035 861 4121 igitur
874 4058 989 4104 corona
1002 4044 1165 4102 contentus
1179 4035 1324 4121 Thrasy·
