2732 4722
464 277 705 384 ALCIBIADES.
1054 269 1098 334 25

62 398 182 475 noluit,
205 395 291 481 qnod
309 393 477 471 sentiebat,
501 415 536 458 se
552 392 722 458 Alcibiade
743 404 868 480 recepto
889 397 1006 462 nullius
1028 420 1097 463 mo

63 492 166 556 menti
187 491 274 576 apud
295 489 466 554 exercitum
488 471 642 565 futmuni,
666 498 711 564 et,
736 489 857 572 siquid
878 493 1007 556 secundi
1024 513 1098 557 eve·-

63 586 180 661 nisset,
203 583 354 648 nullam
344 603 488 647 meare
511 604 600 648 suam
623 593 744 666 partem
766 581 848 660 lore,
871 593 1045 662 contraea,
1068 587 1097 649 si

64 679 144 763 quid
157 677 282 741 adversi
295 677 471 751 accidisset,
486 697 520 740 se
533 697 630 740 unum
645 677 713 740 eius
726 675 833 742 delicti
846 676 987 742 futurum
998 701 1096 743 reum.

66 772 109 838 ab
126 772 189 836 hoc
206 771 372 836 discedens
386 768 570 834 Alcibiades
590 768 790 851 „Quoniam“
809 770 912 854 inquit
930 772 1097 852 „victoriae
1116 789 1133 837 5

65 866 189 953 patriae
210 885 382 952 repugnas,
409 863 487 927 illud
510 885 636 941 moneo,
663 865 752 929 iuxta
772 865 897 930 hostem
919 875 1023 931 castra
1042 866 1099 931 ha-

64 961 145 1026 beas
162 959 300 1024 nautioa:
318 957 491 1043 periculum
510 968 557 1022 est
576 958 673 1036 enim,
691 979 731 1023 ne
748 958 949 1025 immodestia
965 960 1099 1026 militum

66 1052 382 1138 uestrorumoccasio
396 1051 486 1116 detur
500 1052 668 1136 Lysandro
685 1054 782 1118 vestri
795 1054 993 1139 opprimendi
1011 1077 1099 1121 exer-

34 1147 42 1166 “
69 1147 184 1212 citus.“
220 1167 323 1229 neque
345 1167 384 1209 ea
400 1167 452 1210 res
469 1145 557 1208 illum
575 1144 696 1208 fefellit.
726 1168 800 1210 nam
817 1148 998 1232 Lysander,
1026 1167 1132 1214 cumo
1250 1215 1263 1228 „

65 1262 127 1326 per
140 1239 351 1325 speculatores
365 1239 579 1322 comperisset,
592 1237 724 1322 vulgum
737 1237 978 1306 Atheniensium
990 1243 1024 1306 in
1036 1251 1098 1307 ter-

65 1357 136 1398 ram
149 1333 335 1418 praedatum
348 1332 453 1396 exisse
467 1351 626 1412 navesque
639 1351 739 1414 paene
752 1331 861 1395 inanes
873 1333 1007 1410 relictas,
1021 1344 1100 1399 tem·

65 1451 130 1514 pus
148 1428 194 1492 rei
215 1426 373 1514 gerendae
391 1447 455 1490 non
472 1425 591 1489 dimisit
608 1441 709 1508 eoque
729 1425 849 1509 impetu
866 1424 984 1490 bellum
1000 1435 1101 1490 totum

66 1521 196 1586 delevit.

123 1615 188 1678 IX.
214 1613 262 1678 At
273 1612 468 1689 Alcibiades,
487 1612 578 1677 victis
592 1611 839 1676 Atheniensibus
857 1635 922 1677 non
940 1614 1016 1678 satis
1034 1621 1101 1678 tnta
1120 1629 1134 1676 1

68 1708 185 1772 eadem
205 1708 276 1772 loca
292 1707 354 1771 sibi
375 1706 542 1782 arbitrans,
564 1706 688 1791 penitus
705 1706 739 1768 in
757 1705 927 1770 Thraciam
949 1729 983 1770 se
1005 1729 1101 1792 supra

16 1785 18 1844 l
66 1799 299 1884 Propontidem
316 1799 444 1876 abdidit,
464 1821 593 1884 sperans
611 1798 656 1864 ibi
672 1799 820 1865 facillime
834 1821 924 1864 suam
941 1799 1101 1865 fortunam

68 1893 172 1958 occuli
180 1913 284 1978 posse
294 1893 385 1958 falso.
400 1915 474 1957 nam
483 1893 623 1958 Thraces
624 1903 811 1978 postquam
820 1915 893 1957 eum
902 1915 976 1958 cum
984 1916 1100 1980 magna
1118 1911 1133 1958 2

67 1986 204 2071 pecunia
220 1986 344 2051 venisse
362 1995 538 2063 senserunt,
556 1986 687 2051 insidias
705 1985 861 2051 fecerunt·
835 1988 935 2070 t3qui
952 2007 999 2064 ea,
1018 2007 1100 2070 quae

16 2118 18 2152 ;
68 2089 262 2180 apportarat,
236 2079 519 2155 t,'ahstulerunt
510 2102 615 2164 ipsum
634 2101 745 2165 capere
762 2103 826 2145 non
843 2103 885 2165 po
886 2091 1020 2146 tuerunt.
1047 2081 1134 2146 illes

16 2223 26 2245 ,.
69 2195 217 2249 cernens,
226 2155 362 2238 ιιιιΙΙιιιιι
378 2173 484 2237 locum
502 2173 627 2237 sibitut
580 2183 683 2236 tutum
699 2173 732 2236 in
751 2171 886 2238 Graecia
901 2183 1028 2258 propter
1044 2197 1100 2258 po-

16 2333 18 2336 ,
68 2265 541 2341 tentiamLacedaemoniorum,
547 2264 834 2329 adPharnabazum
842 2264 992 2330 inAsiam
1001 2275 1100 2331 trans-

66 2359 123 2433 iit3
143 2379 237 2440 quem
250 2357 377 2440 quidem
395 2357 475 2421 adeo
490 2380 547 2422 sua
560 2358 643 2442 cepit
630 2357 829 2422 thumanitat
817 2369 856 2435 te,
874 2369 910 2423 ut
922 2381 994 2424 eum
1007 2381 1100 2425 nemo

68 2451 105 2514 in
128 2449 265 2514 amicitia
286 2451 492 2515 antecederet.
528 2472 664 2533 namque
686 2452 715 2515 ei
739 2449 894 2536 Grynium
916 2453 1046 2518 dederat
1066 2455 1100 2516 in

67 2541 214 2628 Phrygia
235 2552 386 2620 castrum,
410 2565 450 2607 ex
471 2565 534 2626 quo
555 2544 778 2630 quinquagena
798 2545 915 2610 talenta
936 2546 1099 2630 vectigalis

69 2636 224 2721 capiebat.
251 2659 315 2720 qua
327 2635 454 2701 fortuna
465 2636 649 2702 Alcibiades
663 2659 727 2703 non
740 2649 806 2703 erat
819 2648 984 2704 contentus
996 2658 1100 2718 neque
1117 2655 1135 2701 4

69 2729 216 2796 Athenas
233 2730 335 2795 victas
347 2730 610 2796 Lacedaemoniis
625 2733 741 2796 servire
758 2741 881 2817 poterat
896 2729 971 2815 pati.
993 2729 1100 2811 itaque

71 2823 112 2888 ad
124 2825 256 2909 patriam
269 2823 464 2890 liberandam
482 2825 568 2889 omni
584 2824 744 2889 ferebatur
755 2823 952 2911 cogitatione.
967 2823 1037 2890 .sed
1053 2844 1100 2914 ιι-
1118 2841 1135 2890 5

71 2916 179 2994 debat,
201 2917 236 2980 id
257 2917 325 2982 sine
346 2939 423 3004 rege
443 2915 542 2982 Perse
563 2940 628 2983 non
647 2940 743 3004 posse
763 2919 845 2995 fieri,
871 2919 1005 3001 ideoque
1027 2939 1101 2983 eum

73 3009 210 3074 amicum
227 3010 287 3076 sibi
304 3011 451 3096 cupiebat
468 3013 611 3098 adiungi,
633 3034 736 3096 neque
754 3012 931 3088 dubitabat,
954 3012 1047 3077 facile
1065 3034 1100 3077 se

75 3112 326 3182 consecuturum,
350 3106 490 3170 simodo
512 3107 580 3170 eius
603 3106 811 3171 conveniundi
832 3105 995 3175 habuisset
1011 3114 1100 3189 pote-
1222 3143 1225 3152 ι

73 3203 198 3262 statem.
224 3219 297 3262 nam
316 3197 437 3284 Cyrum
458 3199 587 3264 fratrem
609 3200 639 3263 ei
660 3199 778 3264 bellum
800 3198 881 3263 clam
901 3219 1012 3285 parare
1034 3198 1101 3263 La·

72 3290 283 3356 cedaemoniis
297 3293 518 3363 adiuvantibus
528 3291 660 3359 sciebat:
674 3293 708 3357 id
718 3294 745 3358 si
754 3294 937 3379 aperuisset,
951 3315 1101 3378 magnam

75 3403 110 3446 se
126 3383 276 3449 initurum
293 3387 427 3472 gratiam
444 3386 581 3452 videbat.

123 3475 169 3540 X.
195 3477 270 3544 Hoc
288 3501 360 3544 cum
372 3480 532 3546 moliretur
544 3489 725 3566 peteretque
739 3504 759 3545 a
771 3478 1043 3558 Phamabazo,nt
1029 3479 1100 3544 tad
1118 3497 1132 3542 1

69 3591 180 3657 regem
192 3573 375 3652 mitteretur,
395 3575 506 3640 eodem
497 3584 659 3664 tempore
673 3573 789 3640 Critias
803 3573 959 3656 ceterique
976 3573 1101 3658 tyranni

70 3662 315 3732 Atheniensium
329 3677 430 3733 certos
442 3653 586 3733 homines
599 3668 641 3733 ad
652 3667 879 3753 Lysandrum
870 3691 904 3730 ιιι
916 3666 1030 3730 Asiam
1042 3666 1101 3727 mi-

70 3768 187 3835 serunt,
206 3761 263 3842 qui
279 3781 353 3826 eum
366 3762 529 3827 certiorem
541 3761 739 3839 facerent,
707 3783 770 3826 msr
759 3759 982 3825 Alcibiadem
996 3764 1100 3821 sustu-

68 3850 173 3928 lisset,
195 3853 275 3918 nihil
293 3876 401 3919 earum
420 3878 526 3920 rerum
547 3856 615 3920 fore
636 3865 753 3931 ratum,
776 3875 856 3936 quas
877 3853 946 3935 ipse
963 3848 1099 3913 Athenis

71 3945 298 4013 constituisset:
316 3970 423 4032 quare,
442 3950 470 4014 si
483 3971 557 4014 suas
569 3971 621 4015 res
635 3957 742 4036 gestas
754 3965 882 4009 manere
894 3942 998 4022 vellet,
1011 3941 1100 4006 illum

67 4051 319 4123 persequeretur.
346 4043 396 4108 his
413 4044 504 4109 Laco
521 4043 616 4110 rebus
634 4048 809 4110 commotus
828 4037 950 4118 statuit,
973 4051 1133 4105 accures
