2732 4722
307 272 328 336 6
632 273 817 330 CORNELII
834 273 1000 331 NEPOTIS

273 419 364 468 snas
382 417 497 480 magna
514 413 587 456 cum
604 390 777 454 offensione
795 388 911 453 civium
933 410 1060 453 suorum
1081 387 1205 453 rediret.
1237 409 1335 453 accu-

307 501 394 557 satus
416 509 491 574 ergo
514 495 563 550 est
583 485 780 570 proditionis,
804 484 899 565 quod,
923 505 995 546 cum
1012 482 1130 546 Parum
1149 503 1334 567 expugnare

305 592 428 670 posset,
456 605 476 646 a
496 601 572 666 rege
595 587 757 662 corruptus
780 576 904 641 infectis
926 575 1020 640 rebus
1044 576 1251 640 discessisset.
1296 599 1333 640 eo

306 687 445 762 tempore
459 697 552 761 aeger
566 682 631 738 erat
640 670 830 748 vulneribus,
849 670 976 752 quaein
990 670 1199 756 oppugnando
1213 671 1332 754 oppido

306 779 477 858 acceperat.
509 771 613 852 itaque
632 765 780 850 quoniam
793 766 862 850 ipse
879 785 936 849 pro
955 786 990 828 se
1009 765 1112 828 dicere
1130 786 1193 828 non
1209 774 1331 848 posset,

273 886 288 934 6
306 864 403 930 verba
420 864 495 928 fecit
512 862 607 926 frater
625 861 692 923 eius
714 857 910 944 Stesagoras.
944 879 1057 922 caussa
1075 858 1200 943 cognita
1219 857 1333 940 capitis

306 959 469 1023 absolutus
495 954 629 1040 pecunia
654 953 804 1016 multatus
828 961 888 1029 est,
916 973 1015 1035 eaque
1041 951 1080 1016 lis
1103 949 1333 1035 quinquaginta

305 1052 429 1116 talentis
448 1049 611 1116 aestimata
629 1056 690 1124 est,
709 1055 844 1130 quantus
862 1047 896 1109 in
913 1046 1046 1110 classem
1065 1053 1207 1129 sumptus
1226 1043 1332 1109 faetus

305 1151 380 1208 erat.
416 1143 498 1205 hano
518 1141 685 1224 pecuniam
702 1141 787 1222 quod
809 1139 930 1204 solvere
947 1139 980 1202 in
996 1139 1172 1222 praesentia
1188 1159 1254 1202 non
1276 1161 1335 1222 po-

215 1243 218 1252 “
304 1244 397 1313 terat,
425 1235 460 1298 in
485 1234 590 1298 vincla
614 1233 742 1317 publica
768 1233 927 1296 coniectus
950 1240 999 1296 est
1019 1231 1125 1315 ibique
1147 1230 1231 1294 diem
1254 1229 1334 1295 obiit

306 1349 497 1413 supremum.

273 1442 286 1489 1
357 1419 451 1486 VIII.
478 1419 544 1484 Hic
562 1419 622 1484 etsi
639 1421 766 1483 crimine
779 1419 874 1483 Pario
892 1427 940 1482 est
957 1426 1132 1494 aecusatus,
1152 1425 1258 1481 tamen
1272 1417 1336 1481 alia

306 1537 420 1578 caussa
445 1513 506 1576 fuit
536 1513 754 1576 damnationis.
798 1533 935 1594 namque
960 1510 1172 1575 Athenienses
1204 1521 1336 1594 propter

304 1606 462 1671 Pisistrati
479 1605 686 1688 tyrannidem,
705 1625 786 1686 quae
803 1606 912 1686 paucis
930 1605 1020 1669 annis
1039 1614 1111 1668 ante
1128 1603 1244 1679 fuerat,
1265 1626 1336 1667 om-

271 1700 392 1767 auium
414 1693 675 1760 civium'suorum
692 1696 864 1776 potentiam
886 1697 1140 1762 extimescebant.
1167 1694 1335 1760 Miltiades

304 1790 437 1854 multum
463 1787 497 1850 in
521 1786 659 1869 imperiis
686 1785 871 1869 magnisque
902 1797 1045 1848 versatus
1071 1812 1138 1852 non
1167 1788 1339 1852 videbatur

304 1903 398 1964 posse
416 1901 486 1943 esse
503 1878 659 1962 privatus,
676 1877 860 1963 praesertim
878 1897 950 1939 cum
968 1880 1194 1943 consuetudine
1213 1882 1255 1944 ad
1272 1881 1339 1944 im·

273 1972 384 2057 sperii
409 1972 612 2056 cupiditatem
638 1971 718 2035 trahi
739 1970 905 2034 videretur.
941 1991 1014 2032 nam
1042 1965 1104 2052 [in]
1130 1967 1341 2038 Chersoneso

305 2089 414 2130 omnes
440 2066 510 2131 illos
532 2087 612 2149 quos
637 2065 793 2130 habitarat
819 2085 917 2128 annos
943 2069 1126 2148 perpetuam
1153 2061 1344 2130 obtinuerat

305 2160 550 2225 dominationem
570 2169 786 2244 tyrannusque
807 2158 909 2222 fuerat
931 2155 1118 2241 appellatus,
1142 2155 1197 2218 sed
1214 2155 1355 2220 iustusr

304 2263 453 2320 uenerat
471 2254 555 2318 enim
571 2254 604 2317 vi
622 2261 819 2329 consecutus,
839 2251 895 2315 sed
913 2270 1042 2314 suorum
1059 2248 1226 2322 voluntate,
1247 2267 1343 2310 eam-

305 2369 367 2432 que
384 2357 571 2430 potestatem
588 2347 731 2411 bonitate
745 2345 906 2428 retinebat.
934 2363 1042 2406 omnes
1061 2349 1167 2405 autem
1181 2348 1211 2404 et
1223 2337 1341 2403 dicun-

306 2451 357 2504 tur
374 2449 406 2502 et
418 2439 572 2502 habentur
589 2439 726 2520 tyranni,
750 2437 806 2518 qui
822 2443 975 2518 potestate
990 2443 1063 2496 sunt
1079 2441 1231 2516 perpetua
1243 2432 1279 2495 in
1299 2455 1337 2496 ea

272 2554 289 2600 4
307 2532 445 2608 civitate,
465 2551 545 2614 quae
567 2528 709 2593 libertate
727 2549 787 2592 usa
804 2536 861 2590 est.
889 2525 996 2588 sedin
1012 2523 1157 2590 Miltiade
1175 2533 1243 2589 erat
1261 2547 1336 2589 cum

307 2647 430 2690 summa
451 2622 643 2696 humanitas,
671 2630 738 2683 tum
760 2619 839 2682 mira
860 2618 1081 2696 communitas,
1104 2627 1140 2681 ut
1157 2639 1251 2682 nemo
1269 2626 1336 2682 tarn

191 2766 193 2771 .
306 2719 432 2783 humilis
460 2723 556 2790 esset,
589 2713 640 2777 eui
663 2735 728 2776 non
757 2711 897 2776 adeum
923 2710 1026 2776 aditus
1052 2720 1185 2794 pateret,
1216 2733 1336 2796 magna

307 2811 473 2874 auotoritas
496 2807 581 2892 apud
603 2828 711 2870 omnes
734 2806 890 2881 civitates,
917 2805 1022 2869 nobile
1044 2825 1167 2882 nomen,
1194 2805 1266 2869 laus
1290 2805 1336 2868 rei

307 2901 448 2965 militaris
475 2900 621 2964 maxima.
657 2900 736 2963 haee
765 2899 900 2983 populus
926 2898 1096 2983 respiciens
1122 2897 1233 2962 maluit
1261 2920 1335 2962 eum

306 2993 468 3058 innoxium
485 2993 580 3078 plecti
597 3014 692 3077 quarn
711 3014 744 3057 se
762 2992 878 3056 diutius
897 3013 967 3057 esse
985 2992 1019 3055 in
1035 2992 1154 3056 timore.

563 3213 608 3276 H.
644 3209 1071 3278 THEMISTOOLES.
1170 3266 1185 3284 ,

276 3389 289 3434 1
358 3366 386 3429 I.
414 3364 652 3442 Themistocles,
670 3365 779 3430 Neocli
796 3363 889 3439 filius,
903 3361 1117 3428 Atheniensis.
1144 3364 1239 3428 huius
1258 3367 1336 3430 vitia

308 3457 445 3521 ineuntis
468 3458 696 3523 adolescentiae
718 3456 841 3540 magnis
869 3464 942 3520 sunt
964 3457 1127 3521 emendata
1152 3457 1335 3533 virtutibus,
1353 3483 1354 3510 i

310 3551 389 3616 adeo
406 3560 442 3615 ut
459 3551 648 3616 anteferatur
665 3550 738 3612 huic
753 3569 855 3624 nem0,
870 3550 964 3632 pauci
979 3571 1071 3635 pares
1089 3559 1245 3634 putentur.
1275 3553 1335 3616 sed

277 3664 292 3711 2
311 3643 350 3710 ab
367 3645 454 3710 initio
469 3654 517 3710 cst
531 3642 724 3708 ordiendum.
751 3651 840 3725 pater
853 3642 920 3706 eius
929 3642 1061 3709 Neocles
1075 3666 1247 3729 generosus
1263 3645 1334 3710 fuit.

309 3740 336 3804 is
354 3761 484 3804 uxorem
493 3736 694 3800 Acarnanam
712 3735 813 3799 civem
830 3736 928 3813 duxit,
948 3759 987 3801 ex
1005 3759 1068 3820 qua
1084 3748 1176 3802 natus
1191 3739 1335 3803 estThe-

309 3833 476 3898 mistocles.
503 3828 642 3911 quicum
660 3830 763 3893 minus
778 3839 863 3894 esset
874 3830 1023 3914 probatus
1037 3831 1228 3915 parentibus,
1248 3833 1334 3915 quod

310 3937 341 3990 et
358 3923 486 3988 liberius
507 3923 635 3988 vivebat
652 3933 683 3988 et
703 3933 770 3988 rem
791 3924 977 3989 familiarem
994 3925 1187 4011 negligebat,
1207 3949 1226 3990 a
1243 3935 1332 4010 patre

277 4017 517 4089 remandatus
544 4028 600 4085 est.
636 4041 717 4103 quae
743 4018 931 4085 contumelia
951 4041 1015 4084 non
1040 4020 1134 4104 fregit
1159 4041 1246 4099 eum,
1276 4021 1333 4086 sed
